{'income_statements': [{'ticker': 'NVDA', 'calendar_date': '2023-12-31', 'report_period': '2024-01-28', 'period': 'annual', 'currency': 'USD', 'revenue': 60922000000.0, 'cost_of_revenue': 16621000000.0, 'gross_profit': 44301000000.0, 'operating_expense': 11329000000.0, 'selling_general_and_administrative_expenses': 2654000000.0, 'research_and_development': 8675000000.0, 'operating_income': 32972000000.0, 'interest_expense': 257000000.0, 'ebit': 34075000000.0, 'income_tax_expense': 4058000000.0, 'net_income_discontinued_operations': 0.0, 'net_income_non_controlling_interests': 0.0, 'net_income': 29760000000.0, 'net_income_common_stock': 29760000000.0, 'preferred_dividends_impact': 0.0, 'consolidated_income': 29760000000.0, 'earnings_per_share': 1.205, 'earnings_per_share_diluted': 1.193, 'dividends_per_common_share': 0.016, 'weighted_average_shares': 24690000000.0, 'weighted_average_shares_diluted': 24940000000.0}, {'ticker': 'NVDA', 'calendar_date': '2022-12-31', 'report_period': '2023-01-29', 'period': 'annual', 'currency': 'USD', 'revenue': 26974000000.0, 'cost_of_revenue': 11618000000.0, 'gross_profit': 15356000000.0, 'operating_expense': 11132000000.0, 'selling_general_and_administrative_expenses': 2440000000.0, 'research_and_development': 7339000000.0, 'operating_income': 4224000000.0, 'interest_expense': 262000000.0, 'ebit': 4443000000.0, 'income_tax_expense': -187000000.0, 'net_income_discontinued_operations': 0.0, 'net_income_non_controlling_interests': 0.0, 'net_income': 4368000000.0, 'net_income_common_stock': 4368000000.0, 'preferred_dividends_impact': 0.0, 'consolidated_income': 4368000000.0, 'earnings_per_share': 0.176, 'earnings_per_share_diluted': 0.174, 'dividends_per_common_share': 0.016, 'weighted_average_shares': 24870000000.0, 'weighted_average_shares_diluted': 25070000000.0}, {'ticker': 'NVDA', 'calendar_date': '2021-12-31', 'report_period': '2022-01-30', 'period': 'annual', 'currency': 'USD', 'revenue': 26914000000.0, 'cost_of_revenue': 9439000000.0, 'gross_profit': 17475000000.0, 'operating_expense': 7434000000.0, 'selling_general_and_administrative_expenses': 2166000000.0, 'research_and_development': 5268000000.0, 'operating_income': 10041000000.0, 'interest_expense': 236000000.0, 'ebit': 10177000000.0, 'income_tax_expense': 189000000.0, 'net_income_discontinued_operations': 0.0, 'net_income_non_controlling_interests': 0.0, 'net_income': 9752000000.0, 'net_income_common_stock': 9752000000.0, 'preferred_dividends_impact': 0.0, 'consolidated_income': 9752000000.0, 'earnings_per_share': 0.391, 'earnings_per_share_diluted': 0.385, 'dividends_per_common_share': 0.016, 'weighted_average_shares': 24960000000.0, 'weighted_average_shares_diluted': 25350000000.0}, {'ticker': 'NVDA', 'calendar_date': '2020-12-31', 'report_period': '2021-01-31', 'period': 'annual', 'currency': 'USD', 'revenue': 16675000000.0, 'cost_of_revenue': 6279000000.0, 'gross_profit': 10396000000.0, 'operating_expense': 5864000000.0, 'selling_general_and_administrative_expenses': 1940000000.0, 'research_and_development': 3924000000.0, 'operating_income': 4532000000.0, 'interest_expense': 184000000.0, 'ebit': 4593000000.0, 'income_tax_expense': 77000000.0, 'net_income_discontinued_operations': 0.0, 'net_income_non_controlling_interests': 0.0, 'net_income': 4332000000.0, 'net_income_common_stock': 4332000000.0, 'preferred_dividends_impact': 0.0, 'consolidated_income': 4332000000.0, 'earnings_per_share': 0.176, 'earnings_per_share_diluted': 0.173, 'dividends_per_common_share': 0.016, 'weighted_average_shares': 24670000000.0, 'weighted_average_shares_diluted': 25100000000.0}, {'ticker': 'NVDA', 'calendar_date': '2019-12-31', 'report_period': '2020-01-26', 'period': 'annual', 'currency': 'USD', 'revenue': 10918000000.0, 'cost_of_revenue': 4150000000.0, 'gross_profit': 6768000000.0, 'operating_expense': 3922000000.0, 'selling_general_and_administrative_expenses': 1093000000.0, 'research_and_development': 2829000000.0, 'operating_income': 2846000000.0, 'interest_expense': 52000000.0, 'ebit': 3022000000.0, 'income_tax_expense': 174000000.0, 'net_income_discontinued_operations': 0.0, 'net_income_non_controlling_interests': 0.0, 'net_income': 2796000000.0, 'net_income_common_stock': 2796000000.0, 'preferred_dividends_impact': 0.0, 'consolidated_income': 2796000000.0, 'earnings_per_share': 0.115, 'earnings_per_share_diluted': 0.113, 'dividends_per_common_share': 0.016, 'weighted_average_shares': 24390000000.0, 'weighted_average_shares_diluted': 24720000000.0}, {'ticker': 'NVDA', 'calendar_date': '2018-12-31', 'report_period': '2019-01-27', 'period': 'annual', 'currency': 'USD', 'revenue': 11716000000.0, 'cost_of_revenue': 4545000000.0, 'gross_profit': 7171000000.0, 'operating_expense': 3367000000.0, 'selling_general_and_administrative_expenses': 991000000.0, 'research_and_development': 2376000000.0, 'operating_income': 3804000000.0, 'interest_expense': 58000000.0, 'ebit': 3954000000.0, 'income_tax_expense': -245000000.0, 'net_income_discontinued_operations': 0.0, 'net_income_non_controlling_interests': 0.0, 'net_income': 4141000000.0, 'net_income_common_stock': 4141000000.0, 'preferred_dividends_impact': 0.0, 'consolidated_income': 4141000000.0, 'earnings_per_share': 0.17, 'earnings_per_share_diluted': 0.166, 'dividends_per_common_share': 0.015, 'weighted_average_shares': 24320000000.0, 'weighted_average_shares_diluted': 25000000000.0}, {'ticker': 'NVDA', 'calendar_date': '2017-12-31', 'report_period': '2018-01-28', 'period': 'annual', 'currency': 'USD', 'revenue': 9714000000.0, 'cost_of_revenue': 3892000000.0, 'gross_profit': 5822000000.0, 'operating_expense': 2612000000.0, 'selling_general_and_administrative_expenses': 815000000.0, 'research_and_development': 1797000000.0, 'operating_income': 3210000000.0, 'interest_expense': 61000000.0, 'ebit': 3257000000.0, 'income_tax_expense': 149000000.0, 'net_income_discontinued_operations': 0.0, 'net_income_non_controlling_interests': 0.0, 'net_income': 3047000000.0, 'net_income_common_stock': 3047000000.0, 'preferred_dividends_impact': 0.0, 'consolidated_income': 3047000000.0, 'earnings_per_share': 0.127, 'earnings_per_share_diluted': 0.12, 'dividends_per_common_share': 0.014, 'weighted_average_shares': 23960000000.0, 'weighted_average_shares_diluted': 25280000000.0}, {'ticker': 'NVDA', 'calendar_date': '2016-12-31', 'report_period': '2017-01-29', 'period': 'annual', 'currency': 'USD', 'revenue': 6910000000.0, 'cost_of_revenue': 2847000000.0, 'gross_profit': 4063000000.0, 'operating_expense': 2129000000.0, 'selling_general_and_administrative_expenses': 663000000.0, 'research_and_development': 1463000000.0, 'operating_income': 1934000000.0, 'interest_expense': 58000000.0, 'ebit': 1963000000.0, 'income_tax_expense': 239000000.0, 'net_income_discontinued_operations': 0.0, 'net_income_non_controlling_interests': 0.0, 'net_income': 1666000000.0, 'net_income_common_stock': 1666000000.0, 'preferred_dividends_impact': 0.0, 'consolidated_income': 1666000000.0, 'earnings_per_share': 0.077, 'earnings_per_share_diluted': 0.064, 'dividends_per_common_share': 0.012, 'weighted_average_shares': 21640000000.0, 'weighted_average_shares_diluted': 25960000000.0}, {'ticker': 'NVDA', 'calendar_date': '2015-12-31', 'report_period': '2016-01-31', 'period': 'annual', 'currency': 'USD', 'revenue': 5010000000.0, 'cost_of_revenue': 2199000000.0, 'gross_profit': 2811000000.0, 'operating_expense': 2064000000.0, 'selling_general_and_administrative_expenses': 602000000.0, 'research_and_development': 1331000000.0, 'operating_income': 747000000.0, 'interest_expense': 47000000.0, 'ebit': 790000000.0, 'income_tax_expense': 129000000.0, 'net_income_discontinued_operations': 0.0, 'net_income_non_controlling_interests': 0.0, 'net_income': 614000000.0, 'net_income_common_stock': 614000000.0, 'preferred_dividends_impact': 0.0, 'consolidated_income': 614000000.0, 'earnings_per_share': 0.028, 'earnings_per_share_diluted': 0.027, 'dividends_per_common_share': 0.01, 'weighted_average_shares': 21720000000.0, 'weighted_average_shares_diluted': 22760000000.0}, {'ticker': 'NVDA', 'calendar_date': '2014-12-31', 'report_period': '2015-01-25', 'period': 'annual', 'currency': 'USD', 'revenue': 4682000000.0, 'cost_of_revenue': 2083000000.0, 'gross_profit': 2599000000.0, 'operating_expense': 1840000000.0, 'selling_general_and_administrative_expenses': 480000000.0, 'research_and_development': 1360000000.0, 'operating_income': 759000000.0, 'interest_expense': 46000000.0, 'ebit': 801000000.0, 'income_tax_expense': 124000000.0, 'net_income_discontinued_operations': 0.0, 'net_income_non_controlling_interests': 0.0, 'net_income': 631000000.0, 'net_income_common_stock': 631000000.0, 'preferred_dividends_impact': 0.0, 'consolidated_income': 631000000.0, 'earnings_per_share': 0.029, 'earnings_per_share_diluted': 0.028, 'dividends_per_common_share': 0.009, 'weighted_average_shares': 22080000000.0, 'weighted_average_shares_diluted': 22520000000.0}, {'ticker': 'NVDA', 'calendar_date': '2013-12-31', 'report_period': '2014-01-26', 'period': 'annual', 'currency': 'USD', 'revenue': 4130000000.0, 'cost_of_revenue': 1862000000.0, 'gross_profit': 2268000000.0, 'operating_expense': 1772000000.0, 'selling_general_and_administrative_expenses': 436000000.0, 'research_and_development': 1336000000.0, 'operating_income': 496000000.0, 'interest_expense': 10000000.0, 'ebit': 520000000.0, 'income_tax_expense': 70000000.0, 'net_income_discontinued_operations': 0.0, 'net_income_non_controlling_interests': 0.0, 'net_income': 440000000.0, 'net_income_common_stock': 440000000.0, 'preferred_dividends_impact': 0.0, 'consolidated_income': 440000000.0, 'earnings_per_share': 0.019, 'earnings_per_share_diluted': 0.018, 'dividends_per_common_share': 0.008, 'weighted_average_shares': 23520000000.0, 'weighted_average_shares_diluted': 23800000000.0}, {'ticker': 'NVDA', 'calendar_date': '2012-12-31', 'report_period': '2013-01-27', 'period': 'annual', 'currency': 'USD', 'revenue': 4280159000.0, 'cost_of_revenue': 2053816000.0, 'gross_profit': 2226343000.0, 'operating_expense': 1578104000.0, 'selling_general_and_administrative_expenses': 430822000.0, 'research_and_development': 1147282000.0, 'operating_income': 648239000.0, 'interest_expense': 3294000.0, 'ebit': 665333000.0, 'income_tax_expense': 99503000.0, 'net_income_discontinued_operations': 0.0, 'net_income_non_controlling_interests': 0.0, 'net_income': 562536000.0, 'net_income_common_stock': 562536000.0, 'preferred_dividends_impact': 0.0, 'consolidated_income': 562536000.0, 'earnings_per_share': 0.023, 'earnings_per_share_diluted': 0.022, 'dividends_per_common_share': 0.002, 'weighted_average_shares': 24772960000.0, 'weighted_average_shares_diluted': 24998280000.0}, {'ticker': 'NVDA', 'calendar_date': '2011-12-31', 'report_period': '2012-01-29', 'period': 'annual', 'currency': 'USD', 'revenue': 3997930000.0, 'cost_of_revenue': 1941413000.0, 'gross_profit': 2056517000.0, 'operating_expense': 1408218000.0, 'selling_general_and_administrative_expenses': 405613000.0, 'research_and_development': 1002605000.0, 'operating_income': 648299000.0, 'interest_expense': 3089000.0, 'ebit': 666485000.0, 'income_tax_expense': 82306000.0, 'net_income_discontinued_operations': 0.0, 'net_income_non_controlling_interests': 0.0, 'net_income': 581090000.0, 'net_income_common_stock': 581090000.0, 'preferred_dividends_impact': 0.0, 'consolidated_income': 581090000.0, 'earnings_per_share': 0.024, 'earnings_per_share_diluted': 0.024, 'dividends_per_common_share': 0.0, 'weighted_average_shares': 24145840000.0, 'weighted_average_shares_diluted': 24654840000.0}, {'ticker': 'NVDA', 'calendar_date': '2010-12-31', 'report_period': '2011-01-30', 'period': 'annual', 'currency': 'USD', 'revenue': 3543309000.0, 'cost_of_revenue': 2134219000.0, 'gross_profit': 1409090000.0, 'operating_expense': 1153343000.0, 'selling_general_and_administrative_expenses': 361513000.0, 'research_and_development': 848830000.0, 'operating_income': 255747000.0, 'interest_expense': 3127000.0, 'ebit': 274296000.0, 'income_tax_expense': 18023000.0, 'net_income_discontinued_operations': 0.0, 'net_income_non_controlling_interests': 0.0, 'net_income': 253146000.0, 'net_income_common_stock': 253146000.0, 'preferred_dividends_impact': 0.0, 'consolidated_income': 253146000.0, 'earnings_per_share': 0.011, 'earnings_per_share_diluted': 0.011, 'dividends_per_common_share': 0.0, 'weighted_average_shares': 23007080000.0, 'weighted_average_shares_diluted': 23547360000.0}, {'ticker': 'NVDA', 'calendar_date': '2009-12-31', 'report_period': '2010-01-31', 'period': 'annual', 'currency': 'USD', 'revenue': 3326445000.0, 'cost_of_revenue': 2149522000.0, 'gross_profit': 1176923000.0, 'operating_expense': 1275868000.0, 'selling_general_and_administrative_expenses': 367017000.0, 'research_and_development': 908851000.0, 'operating_income': -98945000.0, 'interest_expense': 3320000.0, 'ebit': -78974000.0, 'income_tax_expense': -14307000.0, 'net_income_discontinued_operations': 0.0, 'net_income_non_controlling_interests': 0.0, 'net_income': -67987000.0, 'net_income_common_stock': -67987000.0, 'preferred_dividends_impact': 0.0, 'consolidated_income': -67987000.0, 'earnings_per_share': -0.003, 'earnings_per_share_diluted': -0.003, 'dividends_per_common_share': 0.0, 'weighted_average_shares': 21982960000.0, 'weighted_average_shares_diluted': 21982960000.0}, {'ticker': 'NVDA', 'calendar_date': '2008-12-31', 'report_period': '2009-01-25', 'period': 'annual', 'currency': 'USD', 'revenue': 3424859000.0, 'cost_of_revenue': 2250590000.0, 'gross_profit': 1174269000.0, 'operating_expense': 1244969000.0, 'selling_general_and_administrative_expenses': 362222000.0, 'research_and_development': 855879000.0, 'operating_income': -70700000.0, 'interest_expense': 406000.0, 'ebit': -42548000.0, 'income_tax_expense': -12913000.0, 'net_income_discontinued_operations': 0.0, 'net_income_non_controlling_interests': 0.0, 'net_income': -30041000.0, 'net_income_common_stock': -30041000.0, 'preferred_dividends_impact': 0.0, 'consolidated_income': -30041000.0, 'earnings_per_share': -0.001, 'earnings_per_share_diluted': -0.001, 'dividends_per_common_share': 0.0, 'weighted_average_shares': 21925040000.0, 'weighted_average_shares_diluted': 21925040000.0}, {'ticker': 'NVDA', 'calendar_date': '2007-12-31', 'report_period': '2008-01-27', 'period': 'annual', 'currency': 'USD', 'revenue': 4097860000.0, 'cost_of_revenue': 2228580000.0, 'gross_profit': 1869280000.0, 'operating_expense': 1032934000.0, 'selling_general_and_administrative_expenses': 341297000.0, 'research_and_development': 691637000.0, 'operating_income': 836346000.0, 'interest_expense': 54000.0, 'ebit': 901395000.0, 'income_tax_expense': 103696000.0, 'net_income_discontinued_operations': 0.0, 'net_income_non_controlling_interests': 0.0, 'net_income': 797645000.0, 'net_income_common_stock': 797645000.0, 'preferred_dividends_impact': 0.0, 'consolidated_income': 797645000.0, 'earnings_per_share': 0.036, 'earnings_per_share_diluted': 0.033, 'dividends_per_common_share': 0.0, 'weighted_average_shares': 22004320000.0, 'weighted_average_shares_diluted': 24269280000.0}, {'ticker': 'NVDA', 'calendar_date': '2006-12-31', 'report_period': '2007-01-28', 'period': 'annual', 'currency': 'USD', 'revenue': 3068771000.0, 'cost_of_revenue': 1768322000.0, 'gross_profit': 1300449000.0, 'operating_expense': 846997000.0, 'selling_general_and_administrative_expenses': 293530000.0, 'research_and_development': 553467000.0, 'operating_income': 453452000.0, 'interest_expense': 21000.0, 'ebit': 495205000.0, 'income_tax_expense': 46350000.0, 'net_income_discontinued_operations': 0.0, 'net_income_non_controlling_interests': 0.0, 'net_income': 448834000.0, 'net_income_common_stock': 448834000.0, 'preferred_dividends_impact': 0.0, 'consolidated_income': 448834000.0, 'earnings_per_share': 0.021, 'earnings_per_share_diluted': 0.019, 'dividends_per_common_share': 0.0, 'weighted_average_shares': 21144240000.0, 'weighted_average_shares_diluted': 23490240000.0}, {'ticker': 'NVDA', 'calendar_date': '2005-12-31', 'report_period': '2006-01-29', 'period': 'annual', 'currency': 'USD', 'revenue': 2375687000.0, 'cost_of_revenue': 1465654000.0, 'gross_profit': 910033000.0, 'operating_expense': 573369000.0, 'selling_general_and_administrative_expenses': 202088000.0, 'research_and_development': 357123000.0, 'operating_income': 336664000.0, 'interest_expense': 72000.0, 'ebit': 356860000.0, 'income_tax_expense': 55612000.0, 'net_income_discontinued_operations': 0.0, 'net_income_non_controlling_interests': 0.0, 'net_income': 301176000.0, 'net_income_common_stock': 301176000.0, 'preferred_dividends_impact': 0.0, 'consolidated_income': 301176000.0, 'earnings_per_share': 0.015, 'earnings_per_share_diluted': 0.014, 'dividends_per_common_share': 0.0, 'weighted_average_shares': 20362800000.0, 'weighted_average_shares_diluted': 21942240000.0}, {'ticker': 'NVDA', 'calendar_date': '2004-12-31', 'report_period': '2005-01-30', 'period': 'annual', 'currency': 'USD', 'revenue': 2010033000.0, 'cost_of_revenue': 1362478000.0, 'gross_profit': 647555000.0, 'operating_expense': 552379000.0, 'selling_general_and_administrative_expenses': 204159000.0, 'research_and_development': 348220000.0, 'operating_income': 95176000.0, 'interest_expense': 164000.0, 'ebit': 107192000.0, 'income_tax_expense': 18413000.0, 'net_income_discontinued_operations': 0.0, 'net_income_non_controlling_interests': 0.0, 'net_income': 88615000.0, 'net_income_common_stock': 88615000.0, 'preferred_dividends_impact': 0.0, 'consolidated_income': 88615000.0, 'earnings_per_share': 0.004, 'earnings_per_share_diluted': 0.004, 'dividends_per_common_share': 0.0, 'weighted_average_shares': 19927440000.0, 'weighted_average_shares_diluted': 21097440000.0}, {'ticker': 'NVDA', 'calendar_date': '2003-12-31', 'report_period': '2004-01-25', 'period': 'annual', 'currency': 'USD', 'revenue': 1822945000.0, 'cost_of_revenue': 1297684000.0, 'gross_profit': 525261000.0, 'operating_expense': 475473000.0, 'selling_general_and_administrative_expenses': 179811000.0, 'research_and_development': 292162000.0, 'operating_income': 49788000.0, 'interest_expense': 12010000.0, 'ebit': 58314000.0, 'income_tax_expense': -2326000.0, 'net_income_discontinued_operations': 0.0, 'net_income_non_controlling_interests': 0.0, 'net_income': 48630000.0, 'net_income_common_stock': 48630000.0, 'preferred_dividends_impact': 0.0, 'consolidated_income': 48630000.0, 'earnings_per_share': 0.003, 'earnings_per_share_diluted': 0.002, 'dividends_per_common_share': 0.0, 'weighted_average_shares': 19310880000.0, 'weighted_average_shares_diluted': 20646480000.0}, {'ticker': 'NVDA', 'calendar_date': '2002-12-31', 'report_period': '2003-01-26', 'period': 'annual', 'currency': 'USD', 'revenue': 1909447000.0, 'cost_of_revenue': 1333435000.0, 'gross_profit': 576012000.0, 'operating_expense': 432026000.0, 'selling_general_and_administrative_expenses': 151485000.0, 'research_and_development': 224873000.0, 'operating_income': 143986000.0, 'interest_expense': 16467000.0, 'ebit': 167024000.0, 'income_tax_expense': 59758000.0, 'net_income_discontinued_operations': 0.0, 'net_income_non_controlling_interests': 0.0, 'net_income': 90799000.0, 'net_income_common_stock': 90799000.0, 'preferred_dividends_impact': 0.0, 'consolidated_income': 90799000.0, 'earnings_per_share': 0.005, 'earnings_per_share_diluted': 0.004, 'dividends_per_common_share': 0.0, 'weighted_average_shares': 18421560000.0, 'weighted_average_shares_diluted': 20207160000.0}, {'ticker': 'NVDA', 'calendar_date': '2001-12-31', 'report_period': '2002-01-27', 'period': 'annual', 'currency': 'USD', 'revenue': 1369471000.0, 'cost_of_revenue': 850233000.0, 'gross_profit': 519238000.0, 'operating_expense': 277506000.0, 'selling_general_and_administrative_expenses': 98944000.0, 'research_and_development': 154752000.0, 'operating_income': 241732000.0, 'interest_expense': 16173000.0, 'ebit': 268922000.0, 'income_tax_expense': 75825000.0, 'net_income_discontinued_operations': 0.0, 'net_income_non_controlling_interests': 0.0, 'net_income': 176924000.0, 'net_income_common_stock': 176924000.0, 'preferred_dividends_impact': 0.0, 'consolidated_income': 176924000.0, 'earnings_per_share': 0.01, 'earnings_per_share_diluted': 0.009, 'dividends_per_common_share': 0.0, 'weighted_average_shares': 17161800000.0, 'weighted_average_shares_diluted': 20528880000.0}, {'ticker': 'NVDA', 'calendar_date': '2000-12-31', 'report_period': '2001-01-28', 'period': 'annual', 'currency': 'USD', 'revenue': 735264000.0, 'cost_of_revenue': 462385000.0, 'gross_profit': 272879000.0, 'operating_expense': 144744000.0, 'selling_general_and_administrative_expenses': 58697000.0, 'research_and_development': 86047000.0, 'operating_income': 128135000.0, 'interest_expense': 0.0, 'ebit': 144808000.0, 'income_tax_expense': 46339000.0, 'net_income_discontinued_operations': 0.0, 'net_income_non_controlling_interests': 0.0, 'net_income': 98469000.0, 'net_income_common_stock': 98469000.0, 'preferred_dividends_impact': 0.0, 'consolidated_income': 98469000.0, 'earnings_per_share': 0.006, 'earnings_per_share_diluted': 0.005, 'dividends_per_common_share': 0.0, 'weighted_average_shares': 15719760000.0, 'weighted_average_shares_diluted': 19115280000.0}, {'ticker': 'NVDA', 'calendar_date': '1999-12-31', 'report_period': '2000-01-30', 'period': 'annual', 'currency': 'USD', 'revenue': 374505000.0, 'cost_of_revenue': 232662000.0, 'gross_profit': 141843000.0, 'operating_expense': 83226000.0, 'selling_general_and_administrative_expenses': 36312000.0, 'research_and_development': 46914000.0, 'operating_income': 58617000.0, 'interest_expense': 332000.0, 'ebit': 60703000.0, 'income_tax_expense': 19412000.0, 'net_income_discontinued_operations': 0.0, 'net_income_non_controlling_interests': 0.0, 'net_income': 40959000.0, 'net_income_common_stock': 40959000.0, 'preferred_dividends_impact': 0.0, 'consolidated_income': 40959000.0, 'earnings_per_share': 0.003, 'earnings_per_share_diluted': 0.002, 'dividends_per_common_share': 0.0, 'weighted_average_shares': 14338560000.0, 'weighted_average_shares_diluted': 17327040000.0}, {'ticker': 'NVDA', 'calendar_date': '1998-12-31', 'report_period': '1999-01-31', 'period': 'annual', 'currency': 'USD', 'revenue': 158237000.0, 'cost_of_revenue': 109746000.0, 'gross_profit': 48491000.0, 'operating_expense': 43975000.0, 'selling_general_and_administrative_expenses': 18902000.0, 'research_and_development': 25073000.0, 'operating_income': 4516000.0, 'interest_expense': 292000.0, 'ebit': 4779000.0, 'income_tax_expense': 357000.0, 'net_income_discontinued_operations': 0.0, 'net_income_non_controlling_interests': 0.0, 'net_income': 4130000.0, 'net_income_common_stock': 4130000.0, 'preferred_dividends_impact': 0.0, 'consolidated_income': 4130000.0, 'earnings_per_share': 0.001, 'earnings_per_share_diluted': 0.0, 'dividends_per_common_share': 0.0, 'weighted_average_shares': 6991200000.0, 'weighted_average_shares_diluted': 13148640000.0}, {'ticker': 'NVDA', 'calendar_date': '1997-12-31', 'report_period': '1997-12-31', 'period': 'annual', 'currency': 'USD', 'revenue': 29071000.0, 'cost_of_revenue': 21244000.0, 'gross_profit': 7827000.0, 'operating_expense': 11286000.0, 'selling_general_and_administrative_expenses': 4183000.0, 'research_and_development': 7103000.0, 'operating_income': -3459000.0, 'interest_expense': 130000.0, 'ebit': -3459000.0, 'income_tax_expense': 0.0, 'net_income_discontinued_operations': 0.0, 'net_income_non_controlling_interests': 0.0, 'net_income': -3589000.0, 'net_income_common_stock': -3589000.0, 'preferred_dividends_impact': 0.0, 'consolidated_income': -3589000.0, 'earnings_per_share': -0.001, 'earnings_per_share_diluted': -0.001, 'dividends_per_common_share': 0.0, 'weighted_average_shares': 6084960000.0, 'weighted_average_shares_diluted': 6084960000.0}, {'ticker': 'NVDA', 'calendar_date': '1996-12-31', 'report_period': '1996-12-31', 'period': 'annual', 'currency': 'USD', 'revenue': 3912000.0, 'cost_of_revenue': 3038000.0, 'gross_profit': 874000.0, 'operating_expense': 3867000.0, 'selling_general_and_administrative_expenses': 2649000.0, 'research_and_development': 1218000.0, 'operating_income': -2993000.0, 'interest_expense': 84000.0, 'ebit': -2993000.0, 'income_tax_expense': 0.0, 'net_income_discontinued_operations': 0.0, 'net_income_non_controlling_interests': 0.0, 'net_income': -3077000.0, 'net_income_common_stock': -3077000.0, 'preferred_dividends_impact': 0.0, 'consolidated_income': -3077000.0, 'earnings_per_share': -0.001, 'earnings_per_share_diluted': -0.001, 'dividends_per_common_share': 0.0, 'weighted_average_shares': 5463840000.0, 'weighted_average_shares_diluted': 5463840000.0}, {'ticker': 'NVDA', 'calendar_date': '1995-12-31', 'report_period': '1995-12-31', 'period': 'annual', 'currency': 'USD', 'revenue': 1182000.0, 'cost_of_revenue': 1549000.0, 'gross_profit': -367000.0, 'operating_expense': 6103000.0, 'selling_general_and_administrative_expenses': 3677000.0, 'research_and_development': 2426000.0, 'operating_income': -6470000.0, 'interest_expense': -93000.0, 'ebit': -6470000.0, 'income_tax_expense': 0.0, 'net_income_discontinued_operations': 0.0, 'net_income_non_controlling_interests': 0.0, 'net_income': -6377000.0, 'net_income_common_stock': -6377000.0, 'preferred_dividends_impact': 0.0, 'consolidated_income': -6377000.0, 'earnings_per_share': -0.001, 'earnings_per_share_diluted': -0.001, 'dividends_per_common_share': 0.0, 'weighted_average_shares': 5455200000.0, 'weighted_average_shares_diluted': 5455200000.0}], 'balance_sheets': [{'ticker': 'NVDA', 'calendar_date': '2023-12-31', 'report_period': '2024-01-28', 'period': 'annual', 'currency': 'USD', 'total_assets': 65728000000.0, 'current_assets': 44345000000.0, 'cash_and_equivalents': 7280000000.0, 'inventory': 5282000000.0, 'current_investments': 18704000000.0, 'trade_and_non_trade_receivables': 9999000000.0, 'non_current_assets': 21383000000.0, 'property_plant_and_equipment': 5260000000.0, 'goodwill_and_intangible_assets': 5542000000.0, 'investments': 18704000000.0, 'non_current_investments': 0.0, 'tax_assets': 6081000000.0, 'total_liabilities': 22750000000.0, 'current_liabilities': 10631000000.0, 'current_debt': 1250000000.0, 'trade_and_non_trade_payables': 2699000000.0, 'deferred_revenue': 0.0, 'deposit_liabilities': 0.0, 'non_current_liabilities': 12119000000.0, 'non_current_debt': 9578000000.0, 'tax_liabilities': 0.0, 'shareholders_equity': 42978000000.0, 'retained_earnings': 29817000000.0, 'accumulated_other_comprehensive_income': 27000000.0, 'outstanding_shares': 24700000000.0, 'total_debt': 10828000000.0}, {'ticker': 'NVDA', 'calendar_date': '2022-12-31', 'report_period': '2023-01-29', 'period': 'annual', 'currency': 'USD', 'total_assets': 41182000000.0, 'current_assets': 23073000000.0, 'cash_and_equivalents': 3389000000.0, 'inventory': 5159000000.0, 'current_investments': 9907000000.0, 'trade_and_non_trade_receivables': 3827000000.0, 'non_current_assets': 18109000000.0, 'property_plant_and_equipment': 4845000000.0, 'goodwill_and_intangible_assets': 6048000000.0, 'investments': 9907000000.0, 'non_current_investments': 0.0, 'tax_assets': 3396000000.0, 'total_liabilities': 19081000000.0, 'current_liabilities': 6563000000.0, 'current_debt': 1250000000.0, 'trade_and_non_trade_payables': 1193000000.0, 'deferred_revenue': 0.0, 'deposit_liabilities': 0.0, 'non_current_liabilities': 12518000000.0, 'non_current_debt': 10605000000.0, 'tax_liabilities': 0.0, 'shareholders_equity': 22101000000.0, 'retained_earnings': 10171000000.0, 'accumulated_other_comprehensive_income': -43000000.0, 'outstanding_shares': 24600000000.0, 'total_debt': 11855000000.0}, {'ticker': 'NVDA', 'calendar_date': '2021-12-31', 'report_period': '2022-01-30', 'period': 'annual', 'currency': 'USD', 'total_assets': 44187000000.0, 'current_assets': 28829000000.0, 'cash_and_equivalents': 1990000000.0, 'inventory': 2605000000.0, 'current_investments': 19218000000.0, 'trade_and_non_trade_receivables': 4650000000.0, 'non_current_assets': 15358000000.0, 'property_plant_and_equipment': 3607000000.0, 'goodwill_and_intangible_assets': 6688000000.0, 'investments': 19218000000.0, 'non_current_investments': 0.0, 'tax_assets': 1222000000.0, 'total_liabilities': 17575000000.0, 'current_liabilities': 4335000000.0, 'current_debt': 0.0, 'trade_and_non_trade_payables': 1783000000.0, 'deferred_revenue': 0.0, 'deposit_liabilities': 0.0, 'non_current_liabilities': 13240000000.0, 'non_current_debt': 11687000000.0, 'tax_liabilities': 0.0, 'shareholders_equity': 26612000000.0, 'retained_earnings': 16235000000.0, 'accumulated_other_comprehensive_income': -11000000.0, 'outstanding_shares': 25020000000.0, 'total_debt': 11687000000.0}, {'ticker': 'NVDA', 'calendar_date': '2020-12-31', 'report_period': '2021-01-31', 'period': 'annual', 'currency': 'USD', 'total_assets': 28791000000.0, 'current_assets': 16055000000.0, 'cash_and_equivalents': 847000000.0, 'inventory': 1826000000.0, 'current_investments': 10714000000.0, 'trade_and_non_trade_receivables': 2429000000.0, 'non_current_assets': 12736000000.0, 'property_plant_and_equipment': 2856000000.0, 'goodwill_and_intangible_assets': 6930000000.0, 'investments': 10714000000.0, 'non_current_investments': 0.0, 'tax_assets': 806000000.0, 'total_liabilities': 11898000000.0, 'current_liabilities': 3925000000.0, 'current_debt': 999000000.0, 'trade_and_non_trade_payables': 1149000000.0, 'deferred_revenue': 0.0, 'deposit_liabilities': 0.0, 'non_current_liabilities': 7973000000.0, 'non_current_debt': 6598000000.0, 'tax_liabilities': 0.0, 'shareholders_equity': 16893000000.0, 'retained_earnings': 18908000000.0, 'accumulated_other_comprehensive_income': 19000000.0, 'outstanding_shares': 24760000000.0, 'total_debt': 7597000000.0}, {'ticker': 'NVDA', 'calendar_date': '2019-12-31', 'report_period': '2020-01-26', 'period': 'annual', 'currency': 'USD', 'total_assets': 17315000000.0, 'current_assets': 13690000000.0, 'cash_and_equivalents': 10896000000.0, 'inventory': 979000000.0, 'current_investments': 1000000.0, 'trade_and_non_trade_receivables': 1657000000.0, 'non_current_assets': 3625000000.0, 'property_plant_and_equipment': 2292000000.0, 'goodwill_and_intangible_assets': 667000000.0, 'investments': 1000000.0, 'non_current_investments': 0.0, 'tax_assets': 548000000.0, 'total_liabilities': 5111000000.0, 'current_liabilities': 1784000000.0, 'current_debt': 0.0, 'trade_and_non_trade_payables': 687000000.0, 'deferred_revenue': 0.0, 'deposit_liabilities': 0.0, 'non_current_liabilities': 3327000000.0, 'non_current_debt': 2552000000.0, 'tax_liabilities': 0.0, 'shareholders_equity': 12204000000.0, 'retained_earnings': 14971000000.0, 'accumulated_other_comprehensive_income': 1000000.0, 'outstanding_shares': 24480000000.0, 'total_debt': 2552000000.0}, {'ticker': 'NVDA', 'calendar_date': '2018-12-31', 'report_period': '2019-01-27', 'period': 'annual', 'currency': 'USD', 'total_assets': 13292000000.0, 'current_assets': 10557000000.0, 'cash_and_equivalents': 782000000.0, 'inventory': 1575000000.0, 'current_investments': 6640000000.0, 'trade_and_non_trade_receivables': 1424000000.0, 'non_current_assets': 2735000000.0, 'property_plant_and_equipment': 1404000000.0, 'goodwill_and_intangible_assets': 663000000.0, 'investments': 6640000000.0, 'non_current_investments': 0.0, 'tax_assets': 560000000.0, 'total_liabilities': 3950000000.0, 'current_liabilities': 1329000000.0, 'current_debt': 0.0, 'trade_and_non_trade_payables': 511000000.0, 'deferred_revenue': 0.0, 'deposit_liabilities': 0.0, 'non_current_liabilities': 2621000000.0, 'non_current_debt': 1988000000.0, 'tax_liabilities': 0.0, 'shareholders_equity': 9342000000.0, 'retained_earnings': 12565000000.0, 'accumulated_other_comprehensive_income': -12000000.0, 'outstanding_shares': 24400000000.0, 'total_debt': 1988000000.0}, {'ticker': 'NVDA', 'calendar_date': '2017-12-31', 'report_period': '2018-01-28', 'period': 'annual', 'currency': 'USD', 'total_assets': 11241000000.0, 'current_assets': 9255000000.0, 'cash_and_equivalents': 4002000000.0, 'inventory': 796000000.0, 'current_investments': 3106000000.0, 'trade_and_non_trade_receivables': 1265000000.0, 'non_current_assets': 1986000000.0, 'property_plant_and_equipment': 997000000.0, 'goodwill_and_intangible_assets': 670000000.0, 'investments': 3106000000.0, 'non_current_investments': 0.0, 'tax_assets': 0.0, 'total_liabilities': 3770000000.0, 'current_liabilities': 1153000000.0, 'current_debt': 15000000.0, 'trade_and_non_trade_payables': 596000000.0, 'deferred_revenue': 0.0, 'deposit_liabilities': 0.0, 'non_current_liabilities': 2617000000.0, 'non_current_debt': 1985000000.0, 'tax_liabilities': 0.0, 'shareholders_equity': 7471000000.0, 'retained_earnings': 8787000000.0, 'accumulated_other_comprehensive_income': -18000000.0, 'outstanding_shares': 24240000000.0, 'total_debt': 2000000000.0}, {'ticker': 'NVDA', 'calendar_date': '2016-12-31', 'report_period': '2017-01-29', 'period': 'annual', 'currency': 'USD', 'total_assets': 9841000000.0, 'current_assets': 8536000000.0, 'cash_and_equivalents': 1766000000.0, 'inventory': 794000000.0, 'current_investments': 5032000000.0, 'trade_and_non_trade_receivables': 826000000.0, 'non_current_assets': 1305000000.0, 'property_plant_and_equipment': 521000000.0, 'goodwill_and_intangible_assets': 722000000.0, 'investments': 5032000000.0, 'non_current_investments': 0.0, 'tax_assets': 0.0, 'total_liabilities': 4048000000.0, 'current_liabilities': 1788000000.0, 'current_debt': 796000000.0, 'trade_and_non_trade_payables': 485000000.0, 'deferred_revenue': 0.0, 'deposit_liabilities': 0.0, 'non_current_liabilities': 2260000000.0, 'non_current_debt': 2014000000.0, 'tax_liabilities': 0.0, 'shareholders_equity': 5762000000.0, 'retained_earnings': 6108000000.0, 'accumulated_other_comprehensive_income': -16000000.0, 'outstanding_shares': 21560000000.0, 'total_debt': 2810000000.0}, {'ticker': 'NVDA', 'calendar_date': '2015-12-31', 'report_period': '2016-01-31', 'period': 'annual', 'currency': 'USD', 'total_assets': 7370000000.0, 'current_assets': 6053000000.0, 'cash_and_equivalents': 596000000.0, 'inventory': 418000000.0, 'current_investments': 4441000000.0, 'trade_and_non_trade_receivables': 505000000.0, 'non_current_assets': 1317000000.0, 'property_plant_and_equipment': 466000000.0, 'goodwill_and_intangible_assets': 784000000.0, 'investments': 4441000000.0, 'non_current_investments': 0.0, 'tax_assets': 0.0, 'total_liabilities': 2814000000.0, 'current_liabilities': 2351000000.0, 'current_debt': 1413000000.0, 'trade_and_non_trade_payables': 296000000.0, 'deferred_revenue': 0.0, 'deposit_liabilities': 0.0, 'non_current_liabilities': 463000000.0, 'non_current_debt': 97000000.0, 'tax_liabilities': 0.0, 'shareholders_equity': 4469000000.0, 'retained_earnings': 4350000000.0, 'accumulated_other_comprehensive_income': -4000000.0, 'outstanding_shares': 21520000000.0, 'total_debt': 1510000000.0}, {'ticker': 'NVDA', 'calendar_date': '2014-12-31', 'report_period': '2015-01-25', 'period': 'annual', 'currency': 'USD', 'total_assets': 7201000000.0, 'current_assets': 5713000000.0, 'cash_and_equivalents': 497000000.0, 'inventory': 483000000.0, 'current_investments': 4126000000.0, 'trade_and_non_trade_receivables': 474000000.0, 'non_current_assets': 1488000000.0, 'property_plant_and_equipment': 557000000.0, 'goodwill_and_intangible_assets': 840000000.0, 'investments': 4126000000.0, 'non_current_investments': 0.0, 'tax_assets': 63000000.0, 'total_liabilities': 2783000000.0, 'current_liabilities': 896000000.0, 'current_debt': 0.0, 'trade_and_non_trade_payables': 293000000.0, 'deferred_revenue': 0.0, 'deposit_liabilities': 0.0, 'non_current_liabilities': 1887000000.0, 'non_current_debt': 1398000000.0, 'tax_liabilities': 0.0, 'shareholders_equity': 4418000000.0, 'retained_earnings': 3949000000.0, 'accumulated_other_comprehensive_income': 8000000.0, 'outstanding_shares': 21741476040.0, 'total_debt': 1398000000.0}, {'ticker': 'NVDA', 'calendar_date': '2013-12-31', 'report_period': '2014-01-26', 'period': 'annual', 'currency': 'USD', 'total_assets': 7250894000.0, 'current_assets': 5624711000.0, 'cash_and_equivalents': 1151587000.0, 'inventory': 387765000.0, 'current_investments': 3520223000.0, 'trade_and_non_trade_receivables': 426357000.0, 'non_current_assets': 1626183000.0, 'property_plant_and_equipment': 582740000.0, 'goodwill_and_intangible_assets': 939191000.0, 'investments': 3520223000.0, 'non_current_investments': 0.0, 'tax_assets': 68494000.0, 'total_liabilities': 2794496000.0, 'current_liabilities': 945496000.0, 'current_debt': 0.0, 'trade_and_non_trade_payables': 324391000.0, 'deferred_revenue': 0.0, 'deposit_liabilities': 0.0, 'non_current_liabilities': 1849000000.0, 'non_current_debt': 1373875000.0, 'tax_liabilities': 0.0, 'shareholders_equity': 4456398000.0, 'retained_earnings': 3504742000.0, 'accumulated_other_comprehensive_income': 4877000.0, 'outstanding_shares': 22741424520.0, 'total_debt': 1373875000.0}, {'ticker': 'NVDA', 'calendar_date': '2012-12-31', 'report_period': '2013-01-27', 'period': 'annual', 'currency': 'USD', 'total_assets': 6412245000.0, 'current_assets': 4775258000.0, 'cash_and_equivalents': 732786000.0, 'inventory': 412467000.0, 'current_investments': 2995097000.0, 'trade_and_non_trade_receivables': 454252000.0, 'non_current_assets': 1636987000.0, 'property_plant_and_equipment': 576144000.0, 'goodwill_and_intangible_assets': 953362000.0, 'investments': 2995097000.0, 'non_current_investments': 0.0, 'tax_assets': 103736000.0, 'total_liabilities': 1584542000.0, 'current_liabilities': 976223000.0, 'current_debt': 0.0, 'trade_and_non_trade_payables': 356428000.0, 'deferred_revenue': 0.0, 'deposit_liabilities': 0.0, 'non_current_liabilities': 608319000.0, 'non_current_debt': 18998000.0, 'tax_liabilities': 0.0, 'shareholders_equity': 4827703000.0, 'retained_earnings': 3246088000.0, 'accumulated_other_comprehensive_income': 9981000.0, 'outstanding_shares': 24994031920.0, 'total_debt': 18998000.0}, {'ticker': 'NVDA', 'calendar_date': '2011-12-31', 'report_period': '2012-01-29', 'period': 'annual', 'currency': 'USD', 'total_assets': 5552928000.0, 'current_assets': 3905358000.0, 'cash_and_equivalents': 667876000.0, 'inventory': 340297000.0, 'current_investments': 2461700000.0, 'trade_and_non_trade_receivables': 336143000.0, 'non_current_assets': 1647570000.0, 'property_plant_and_equipment': 560072000.0, 'goodwill_and_intangible_assets': 967166000.0, 'investments': 2461700000.0, 'non_current_investments': 0.0, 'tax_assets': 49931000.0, 'total_liabilities': 1407204000.0, 'current_liabilities': 929958000.0, 'current_debt': 0.0, 'trade_and_non_trade_payables': 335072000.0, 'deferred_revenue': 0.0, 'deposit_liabilities': 0.0, 'non_current_liabilities': 477246000.0, 'non_current_debt': 21439000.0, 'tax_liabilities': 0.0, 'shareholders_equity': 4145724000.0, 'retained_earnings': 2730418000.0, 'accumulated_other_comprehensive_income': 10614000.0, 'outstanding_shares': 24426137440.0, 'total_debt': 21439000.0}, {'ticker': 'NVDA', 'calendar_date': '2010-12-31', 'report_period': '2011-01-30', 'period': 'annual', 'currency': 'USD', 'total_assets': 4495246000.0, 'current_assets': 3226950000.0, 'cash_and_equivalents': 665361000.0, 'inventory': 345525000.0, 'current_investments': 1825202000.0, 'trade_and_non_trade_receivables': 348770000.0, 'non_current_assets': 1268296000.0, 'property_plant_and_equipment': 568857000.0, 'goodwill_and_intangible_assets': 658589000.0, 'investments': 1825202000.0, 'non_current_investments': 0.0, 'tax_assets': 9456000.0, 'total_liabilities': 1313784000.0, 'current_liabilities': 942682000.0, 'current_debt': 0.0, 'trade_and_non_trade_payables': 286138000.0, 'deferred_revenue': 0.0, 'deposit_liabilities': 0.0, 'non_current_liabilities': 371102000.0, 'non_current_debt': 23389000.0, 'tax_liabilities': 0.0, 'shareholders_equity': 3181462000.0, 'retained_earnings': 2149328000.0, 'accumulated_other_comprehensive_income': 10272000.0, 'outstanding_shares': 23240000000.0, 'total_debt': 23389000.0}, {'ticker': 'NVDA', 'calendar_date': '2009-12-31', 'report_period': '2010-01-31', 'period': 'annual', 'currency': 'USD', 'total_assets': 3585918000.0, 'current_assets': 2480830000.0, 'cash_and_equivalents': 447221000.0, 'inventory': 330674000.0, 'current_investments': 1281006000.0, 'trade_and_non_trade_receivables': 374963000.0, 'non_current_assets': 1105088000.0, 'property_plant_and_equipment': 571858000.0, 'goodwill_and_intangible_assets': 490302000.0, 'investments': 1281006000.0, 'non_current_investments': 0.0, 'tax_assets': 8752000.0, 'total_liabilities': 920778000.0, 'current_liabilities': 784378000.0, 'current_debt': 0.0, 'trade_and_non_trade_payables': 344527000.0, 'deferred_revenue': 0.0, 'deposit_liabilities': 0.0, 'non_current_liabilities': 136400000.0, 'non_current_debt': 24450000.0, 'tax_liabilities': 0.0, 'shareholders_equity': 2665140000.0, 'retained_earnings': 1896182000.0, 'accumulated_other_comprehensive_income': 12172000.0, 'outstanding_shares': 22196000000.0, 'total_debt': 24450000.0}, {'ticker': 'NVDA', 'calendar_date': '2008-12-31', 'report_period': '2009-01-25', 'period': 'annual', 'currency': 'USD', 'total_assets': 3350727000.0, 'current_assets': 2167958000.0, 'cash_and_equivalents': 417688000.0, 'inventory': 537834000.0, 'current_investments': 837702000.0, 'trade_and_non_trade_receivables': 318435000.0, 'non_current_assets': 1182769000.0, 'property_plant_and_equipment': 625798000.0, 'goodwill_and_intangible_assets': 516945000.0, 'investments': 837702000.0, 'non_current_investments': 0.0, 'tax_assets': 16505000.0, 'total_liabilities': 956075000.0, 'current_liabilities': 778591000.0, 'current_debt': 0.0, 'trade_and_non_trade_payables': 218864000.0, 'deferred_revenue': 0.0, 'deposit_liabilities': 0.0, 'non_current_liabilities': 177484000.0, 'non_current_debt': 25634000.0, 'tax_liabilities': 0.0, 'shareholders_equity': 2394652000.0, 'retained_earnings': 1964169000.0, 'accumulated_other_comprehensive_income': 3865000.0, 'outstanding_shares': 21482523360.0, 'total_debt': 25634000.0}, {'ticker': 'NVDA', 'calendar_date': '2007-12-31', 'report_period': '2008-01-27', 'period': 'annual', 'currency': 'USD', 'total_assets': 3747671000.0, 'current_assets': 2888829000.0, 'cash_and_equivalents': 726969000.0, 'inventory': 358521000.0, 'current_investments': 1082509000.0, 'trade_and_non_trade_receivables': 666494000.0, 'non_current_assets': 858842000.0, 'property_plant_and_equipment': 359808000.0, 'goodwill_and_intangible_assets': 460983000.0, 'investments': 1082509000.0, 'non_current_investments': 0.0, 'tax_assets': 11268000.0, 'total_liabilities': 1129759000.0, 'current_liabilities': 967161000.0, 'current_debt': 0.0, 'trade_and_non_trade_payables': 492099000.0, 'deferred_revenue': 0.0, 'deposit_liabilities': 0.0, 'non_current_liabilities': 162598000.0, 'non_current_debt': 0.0, 'tax_liabilities': 0.0, 'shareholders_equity': 2617912000.0, 'retained_earnings': 1994210000.0, 'accumulated_other_comprehensive_income': 8034000.0, 'outstanding_shares': 22222858080.0, 'total_debt': 0.0}, {'ticker': 'NVDA', 'calendar_date': '2006-12-31', 'report_period': '2007-01-28', 'period': 'annual', 'currency': 'USD', 'total_assets': 2675263000.0, 'current_assets': 2031770000.0, 'cash_and_equivalents': 544414000.0, 'inventory': 354680000.0, 'current_investments': 573436000.0, 'trade_and_non_trade_receivables': 518680000.0, 'non_current_assets': 643493000.0, 'property_plant_and_equipment': 260828000.0, 'goodwill_and_intangible_assets': 346936000.0, 'investments': 573436000.0, 'non_current_investments': 0.0, 'tax_assets': 16799000.0, 'total_liabilities': 668344000.0, 'current_liabilities': 638807000.0, 'current_debt': 0.0, 'trade_and_non_trade_payables': 272075000.0, 'deferred_revenue': 0.0, 'deposit_liabilities': 0.0, 'non_current_liabilities': 29537000.0, 'non_current_debt': 0.0, 'tax_liabilities': 0.0, 'shareholders_equity': 2006919000.0, 'retained_earnings': 1196565000.0, 'accumulated_other_comprehensive_income': 1436000.0, 'outstanding_shares': 21332699340.0, 'total_debt': 0.0}, {'ticker': 'NVDA', 'calendar_date': '2005-12-31', 'report_period': '2006-01-29', 'period': 'annual', 'currency': 'USD', 'total_assets': 1954687000.0, 'current_assets': 1550299000.0, 'cash_and_equivalents': 551756000.0, 'inventory': 254870000.0, 'current_investments': 398418000.0, 'trade_and_non_trade_receivables': 318186000.0, 'non_current_assets': 404388000.0, 'property_plant_and_equipment': 178152000.0, 'goodwill_and_intangible_assets': 160738000.0, 'investments': 398418000.0, 'non_current_investments': 0.0, 'tax_assets': 40703000.0, 'total_liabilities': 458695000.0, 'current_liabilities': 438659000.0, 'current_debt': 0.0, 'trade_and_non_trade_payables': 179395000.0, 'deferred_revenue': 0.0, 'deposit_liabilities': 0.0, 'non_current_liabilities': 20036000.0, 'non_current_debt': 0.0, 'tax_liabilities': 0.0, 'shareholders_equity': 1495992000.0, 'retained_earnings': 747731000.0, 'accumulated_other_comprehensive_income': -1957000.0, 'outstanding_shares': 20541146520.0, 'total_debt': 0.0}, {'ticker': 'NVDA', 'calendar_date': '2004-12-31', 'report_period': '2005-01-30', 'period': 'annual', 'currency': 'USD', 'total_assets': 1663551000.0, 'current_assets': 1306906000.0, 'cash_and_equivalents': 208512000.0, 'inventory': 315786000.0, 'current_investments': 461533000.0, 'trade_and_non_trade_receivables': 296279000.0, 'non_current_assets': 356645000.0, 'property_plant_and_equipment': 178955000.0, 'goodwill_and_intangible_assets': 135621000.0, 'investments': 461533000.0, 'non_current_investments': 0.0, 'tax_assets': 38012000.0, 'total_liabilities': 442460000.0, 'current_liabilities': 421156000.0, 'current_debt': 856000.0, 'trade_and_non_trade_payables': 238223000.0, 'deferred_revenue': 0.0, 'deposit_liabilities': 0.0, 'non_current_liabilities': 21304000.0, 'non_current_debt': 0.0, 'tax_liabilities': 0.0, 'shareholders_equity': 1221091000.0, 'retained_earnings': 446555000.0, 'accumulated_other_comprehensive_income': -3463000.0, 'outstanding_shares': 19945548720.0, 'total_debt': 856000.0}, {'ticker': 'NVDA', 'calendar_date': '2003-12-31', 'report_period': '2004-01-25', 'period': 'annual', 'currency': 'USD', 'total_assets': 1399344000.0, 'current_assets': 1052712000.0, 'cash_and_equivalents': 214422000.0, 'inventory': 234238000.0, 'current_investments': 389621000.0, 'trade_and_non_trade_receivables': 196631000.0, 'non_current_assets': 346632000.0, 'property_plant_and_equipment': 190029000.0, 'goodwill_and_intangible_assets': 148872000.0, 'investments': 389621000.0, 'non_current_investments': 0.0, 'tax_assets': 3261000.0, 'total_liabilities': 348159000.0, 'current_liabilities': 334112000.0, 'current_debt': 4015000.0, 'trade_and_non_trade_payables': 185342000.0, 'deferred_revenue': 0.0, 'deposit_liabilities': 0.0, 'non_current_liabilities': 14047000.0, 'non_current_debt': 856000.0, 'tax_liabilities': 8609000.0, 'shareholders_equity': 1051185000.0, 'retained_earnings': 472158000.0, 'accumulated_other_comprehensive_income': 850000.0, 'outstanding_shares': 19460730120.0, 'total_debt': 4871000.0}, {'ticker': 'NVDA', 'calendar_date': '2002-12-31', 'report_period': '2003-01-26', 'period': 'annual', 'currency': 'USD', 'total_assets': 1617015000.0, 'current_assets': 1351602000.0, 'cash_and_equivalents': 346994000.0, 'inventory': 145046000.0, 'current_investments': 681419000.0, 'trade_and_non_trade_receivables': 154501000.0, 'non_current_assets': 265413000.0, 'property_plant_and_equipment': 135152000.0, 'goodwill_and_intangible_assets': 76471000.0, 'investments': 681419000.0, 'non_current_investments': 0.0, 'tax_assets': 54566000.0, 'total_liabilities': 684328000.0, 'current_liabilities': 379448000.0, 'current_debt': 5676000.0, 'trade_and_non_trade_payables': 141129000.0, 'deferred_revenue': 0.0, 'deposit_liabilities': 0.0, 'non_current_liabilities': 304880000.0, 'non_current_debt': 304880000.0, 'tax_liabilities': 0.0, 'shareholders_equity': 932687000.0, 'retained_earnings': 397739000.0, 'accumulated_other_comprehensive_income': 3760000.0, 'outstanding_shares': 18918676920.0, 'total_debt': 310556000.0}, {'ticker': 'NVDA', 'calendar_date': '2001-12-31', 'report_period': '2002-01-27', 'period': 'annual', 'currency': 'USD', 'total_assets': 1503174000.0, 'current_assets': 1234109000.0, 'cash_and_equivalents': 340000000.0, 'inventory': 213877000.0, 'current_investments': 458377000.0, 'trade_and_non_trade_receivables': 147348000.0, 'non_current_assets': 269065000.0, 'property_plant_and_equipment': 120128000.0, 'goodwill_and_intangible_assets': 81119000.0, 'investments': 458377000.0, 'non_current_investments': 0.0, 'tax_assets': 122350000.0, 'total_liabilities': 739355000.0, 'current_liabilities': 433494000.0, 'current_debt': 3896000.0, 'trade_and_non_trade_payables': 214019000.0, 'deferred_revenue': 70193000.0, 'deposit_liabilities': 0.0, 'non_current_liabilities': 305861000.0, 'non_current_debt': 305861000.0, 'tax_liabilities': 0.0, 'shareholders_equity': 763819000.0, 'retained_earnings': 306940000.0, 'accumulated_other_comprehensive_income': 108000.0, 'outstanding_shares': 17348859360.0, 'total_debt': 309757000.0}, {'ticker': 'NVDA', 'calendar_date': '2000-12-31', 'report_period': '2001-01-28', 'period': 'annual', 'currency': 'USD', 'total_assets': 1016902000.0, 'current_assets': 930884000.0, 'cash_and_equivalents': 698775000.0, 'inventory': 90380000.0, 'current_investments': 0.0, 'trade_and_non_trade_receivables': 104988000.0, 'non_current_assets': 86018000.0, 'property_plant_and_equipment': 47280000.0, 'goodwill_and_intangible_assets': 23795000.0, 'investments': 0.0, 'non_current_investments': 0.0, 'tax_assets': 32420000.0, 'total_liabilities': 609795000.0, 'current_liabilities': 309417000.0, 'current_debt': 588000.0, 'trade_and_non_trade_payables': 72301000.0, 'deferred_revenue': 200000000.0, 'deposit_liabilities': 0.0, 'non_current_liabilities': 300378000.0, 'non_current_debt': 300378000.0, 'tax_liabilities': 0.0, 'shareholders_equity': 407107000.0, 'retained_earnings': 130016000.0, 'accumulated_other_comprehensive_income': 0.0, 'outstanding_shares': 16293499440.0, 'total_debt': 300966000.0}, {'ticker': 'NVDA', 'calendar_date': '1999-12-31', 'report_period': '2000-01-30', 'period': 'annual', 'currency': 'USD', 'total_assets': 202250000.0, 'current_assets': 173175000.0, 'cash_and_equivalents': 61560000.0, 'inventory': 37631000.0, 'current_investments': 0.0, 'trade_and_non_trade_receivables': 67224000.0, 'non_current_assets': 29075000.0, 'property_plant_and_equipment': 25886000.0, 'goodwill_and_intangible_assets': 0.0, 'investments': 0.0, 'non_current_investments': 0.0, 'tax_assets': 0.0, 'total_liabilities': 77687000.0, 'current_liabilities': 76225000.0, 'current_debt': 1786000.0, 'trade_and_non_trade_payables': 64910000.0, 'deferred_revenue': 0.0, 'deposit_liabilities': 0.0, 'non_current_liabilities': 1462000.0, 'non_current_debt': 1462000.0, 'tax_liabilities': 0.0, 'shareholders_equity': 124563000.0, 'retained_earnings': 28686000.0, 'accumulated_other_comprehensive_income': 0.0, 'outstanding_shares': 14744350080.0, 'total_debt': 3248000.0}, {'ticker': 'NVDA', 'calendar_date': '1998-12-31', 'report_period': '1999-01-31', 'period': 'annual', 'currency': 'USD', 'total_assets': 113332000.0, 'current_assets': 101112000.0, 'cash_and_equivalents': 50257000.0, 'inventory': 28623000.0, 'current_investments': 0.0, 'trade_and_non_trade_receivables': 20633000.0, 'non_current_assets': 12220000.0, 'property_plant_and_equipment': 11650000.0, 'goodwill_and_intangible_assets': 0.0, 'investments': 0.0, 'non_current_investments': 0.0, 'tax_assets': 0.0, 'total_liabilities': 49123000.0, 'current_liabilities': 47128000.0, 'current_debt': 6386000.0, 'trade_and_non_trade_payables': 35730000.0, 'deferred_revenue': 0.0, 'deposit_liabilities': 0.0, 'non_current_liabilities': 1995000.0, 'non_current_debt': 1995000.0, 'tax_liabilities': 0.0, 'shareholders_equity': 64209000.0, 'retained_earnings': -9412000.0, 'accumulated_other_comprehensive_income': 0.0, 'outstanding_shares': 13726068480.0, 'total_debt': 8381000.0}, {'ticker': 'NVDA', 'calendar_date': '1997-12-31', 'report_period': '1997-12-31', 'period': 'annual', 'currency': 'USD', 'total_assets': 25039000.0, 'current_assets': 19341000.0, 'cash_and_equivalents': 6551000.0, 'inventory': 25000.0, 'current_investments': 0.0, 'trade_and_non_trade_receivables': 12487000.0, 'non_current_assets': 5698000.0, 'property_plant_and_equipment': 5536000.0, 'goodwill_and_intangible_assets': 0.0, 'investments': 0.0, 'non_current_investments': 0.0, 'tax_assets': 0.0, 'total_liabilities': 18142000.0, 'current_liabilities': 16251000.0, 'current_debt': 1434000.0, 'trade_and_non_trade_payables': 11572000.0, 'deferred_revenue': 0.0, 'deposit_liabilities': 0.0, 'non_current_liabilities': 1891000.0, 'non_current_debt': 1891000.0, 'tax_liabilities': 0.0, 'shareholders_equity': 6897000.0, 'retained_earnings': -14889000.0, 'accumulated_other_comprehensive_income': 0.0, 'outstanding_shares': None, 'total_debt': 3325000.0}, {'ticker': 'NVDA', 'calendar_date': '1996-12-31', 'report_period': '1996-12-31', 'period': 'annual', 'currency': 'USD', 'total_assets': 5525000.0, 'current_assets': 4278000.0, 'cash_and_equivalents': 3133000.0, 'inventory': 63000.0, 'current_investments': 0.0, 'trade_and_non_trade_receivables': 1041000.0, 'non_current_assets': 1247000.0, 'property_plant_and_equipment': 1144000.0, 'goodwill_and_intangible_assets': 0.0, 'investments': 0.0, 'non_current_investments': 0.0, 'tax_assets': 0.0, 'total_liabilities': 4488000.0, 'current_liabilities': 3871000.0, 'current_debt': 722000.0, 'trade_and_non_trade_payables': 277000.0, 'deferred_revenue': 0.0, 'deposit_liabilities': 0.0, 'non_current_liabilities': 617000.0, 'non_current_debt': 617000.0, 'tax_liabilities': 0.0, 'shareholders_equity': 1037000.0, 'retained_earnings': -11300000.0, 'accumulated_other_comprehensive_income': 0.0, 'outstanding_shares': None, 'total_debt': 1339000.0}, {'ticker': 'NVDA', 'calendar_date': '1995-12-31', 'report_period': '1995-12-31', 'period': 'annual', 'currency': 'USD', 'total_assets': None, 'current_assets': None, 'cash_and_equivalents': None, 'inventory': None, 'current_investments': None, 'trade_and_non_trade_receivables': None, 'non_current_assets': None, 'property_plant_and_equipment': None, 'goodwill_and_intangible_assets': None, 'investments': None, 'non_current_investments': None, 'tax_assets': None, 'total_liabilities': None, 'current_liabilities': None, 'current_debt': None, 'trade_and_non_trade_payables': None, 'deferred_revenue': None, 'deposit_liabilities': None, 'non_current_liabilities': None, 'non_current_debt': None, 'tax_liabilities': None, 'shareholders_equity': None, 'retained_earnings': None, 'accumulated_other_comprehensive_income': None, 'outstanding_shares': None, 'total_debt': None}], 'cash_flow_statements': [{'ticker': 'NVDA', 'calendar_date': '2023-12-31', 'report_period': '2024-01-28', 'period': 'annual', 'currency': 'USD', 'net_income': 29760000000.0, 'depreciation_and_amortization': 1508000000.0, 'share_based_compensation': 3549000000.0, 'net_cash_flow_from_operations': 28090000000.0, 'net_cash_flow_from_investing': -10566000000.0, 'capital_expenditure': -1069000000.0, 'property_plant_and_equipment': -415000000.0, 'business_acquisitions_and_disposals': -1068000000.0, 'investment_acquisitions_and_disposals': -8429000000.0, 'net_cash_flow_from_financing': -13633000000.0, 'issuance_or_repayment_of_debt_securities': -1324000000.0, 'issuance_or_purchase_of_equity_shares': -9130000000.0, 'dividends_and_other_cash_distributions': -395000000.0, 'change_in_cash_and_equivalents': 3891000000.0, 'effect_of_exchange_rate_changes': 0.0, 'ending_cash_balance': 7280000000.0, 'free_cash_flow': 27021000000.0}, {'ticker': 'NVDA', 'calendar_date': '2022-12-31', 'report_period': '2023-01-29', 'period': 'annual', 'currency': 'USD', 'net_income': 4368000000.0, 'depreciation_and_amortization': 1544000000.0, 'share_based_compensation': 2709000000.0, 'net_cash_flow_from_operations': 5641000000.0, 'net_cash_flow_from_investing': 7375000000.0, 'capital_expenditure': -1833000000.0, 'property_plant_and_equipment': -1238000000.0, 'business_acquisitions_and_disposals': -126000000.0, 'investment_acquisitions_and_disposals': 9334000000.0, 'net_cash_flow_from_financing': -11617000000.0, 'issuance_or_repayment_of_debt_securities': -58000000.0, 'issuance_or_purchase_of_equity_shares': -9684000000.0, 'dividends_and_other_cash_distributions': -398000000.0, 'change_in_cash_and_equivalents': 1399000000.0, 'effect_of_exchange_rate_changes': 0.0, 'ending_cash_balance': 3389000000.0, 'free_cash_flow': 3808000000.0}, {'ticker': 'NVDA', 'calendar_date': '2021-12-31', 'report_period': '2022-01-30', 'period': 'annual', 'currency': 'USD', 'net_income': 9752000000.0, 'depreciation_and_amortization': 1174000000.0, 'share_based_compensation': 2004000000.0, 'net_cash_flow_from_operations': 9108000000.0, 'net_cash_flow_from_investing': -9830000000.0, 'capital_expenditure': -976000000.0, 'property_plant_and_equipment': -751000000.0, 'business_acquisitions_and_disposals': -287000000.0, 'investment_acquisitions_and_disposals': -8567000000.0, 'net_cash_flow_from_financing': 1865000000.0, 'issuance_or_repayment_of_debt_securities': 3894000000.0, 'issuance_or_purchase_of_equity_shares': 281000000.0, 'dividends_and_other_cash_distributions': -399000000.0, 'change_in_cash_and_equivalents': 1143000000.0, 'effect_of_exchange_rate_changes': 0.0, 'ending_cash_balance': 1990000000.0, 'free_cash_flow': 8132000000.0}, {'ticker': 'NVDA', 'calendar_date': '2020-12-31', 'report_period': '2021-01-31', 'period': 'annual', 'currency': 'USD', 'net_income': 4332000000.0, 'depreciation_and_amortization': 1098000000.0, 'share_based_compensation': 1397000000.0, 'net_cash_flow_from_operations': 5822000000.0, 'net_cash_flow_from_investing': -19675000000.0, 'capital_expenditure': -1128000000.0, 'property_plant_and_equipment': -564000000.0, 'business_acquisitions_and_disposals': -8524000000.0, 'investment_acquisitions_and_disposals': -10023000000.0, 'net_cash_flow_from_financing': 3804000000.0, 'issuance_or_repayment_of_debt_securities': 4951000000.0, 'issuance_or_purchase_of_equity_shares': 194000000.0, 'dividends_and_other_cash_distributions': -395000000.0, 'change_in_cash_and_equivalents': -10049000000.0, 'effect_of_exchange_rate_changes': 0.0, 'ending_cash_balance': 847000000.0, 'free_cash_flow': 4694000000.0}, {'ticker': 'NVDA', 'calendar_date': '2019-12-31', 'report_period': '2020-01-26', 'period': 'annual', 'currency': 'USD', 'net_income': 2796000000.0, 'depreciation_and_amortization': 381000000.0, 'share_based_compensation': 844000000.0, 'net_cash_flow_from_operations': 4761000000.0, 'net_cash_flow_from_investing': 6145000000.0, 'capital_expenditure': -489000000.0, 'property_plant_and_equipment': -888000000.0, 'business_acquisitions_and_disposals': -4000000.0, 'investment_acquisitions_and_disposals': 6638000000.0, 'net_cash_flow_from_financing': -792000000.0, 'issuance_or_repayment_of_debt_securities': 0.0, 'issuance_or_purchase_of_equity_shares': 149000000.0, 'dividends_and_other_cash_distributions': -390000000.0, 'change_in_cash_and_equivalents': 10114000000.0, 'effect_of_exchange_rate_changes': 0.0, 'ending_cash_balance': 10896000000.0, 'free_cash_flow': 4272000000.0}, {'ticker': 'NVDA', 'calendar_date': '2018-12-31', 'report_period': '2019-01-27', 'period': 'annual', 'currency': 'USD', 'net_income': 4141000000.0, 'depreciation_and_amortization': 262000000.0, 'share_based_compensation': 557000000.0, 'net_cash_flow_from_operations': 3743000000.0, 'net_cash_flow_from_investing': -4097000000.0, 'capital_expenditure': -600000000.0, 'property_plant_and_equipment': -407000000.0, 'business_acquisitions_and_disposals': 0.0, 'investment_acquisitions_and_disposals': -3497000000.0, 'net_cash_flow_from_financing': -2866000000.0, 'issuance_or_repayment_of_debt_securities': -16000000.0, 'issuance_or_purchase_of_equity_shares': -1442000000.0, 'dividends_and_other_cash_distributions': -371000000.0, 'change_in_cash_and_equivalents': -3220000000.0, 'effect_of_exchange_rate_changes': 0.0, 'ending_cash_balance': 782000000.0, 'free_cash_flow': 3143000000.0}, {'ticker': 'NVDA', 'calendar_date': '2017-12-31', 'report_period': '2018-01-28', 'period': 'annual', 'currency': 'USD', 'net_income': 3047000000.0, 'depreciation_and_amortization': 199000000.0, 'share_based_compensation': 391000000.0, 'net_cash_flow_from_operations': 3502000000.0, 'net_cash_flow_from_investing': 1278000000.0, 'capital_expenditure': -591000000.0, 'property_plant_and_equipment': -476000000.0, 'business_acquisitions_and_disposals': 0.0, 'investment_acquisitions_and_disposals': 1869000000.0, 'net_cash_flow_from_financing': -2544000000.0, 'issuance_or_repayment_of_debt_securities': -812000000.0, 'issuance_or_purchase_of_equity_shares': -770000000.0, 'dividends_and_other_cash_distributions': -341000000.0, 'change_in_cash_and_equivalents': 2236000000.0, 'effect_of_exchange_rate_changes': 0.0, 'ending_cash_balance': 4002000000.0, 'free_cash_flow': 2911000000.0}, {'ticker': 'NVDA', 'calendar_date': '2016-12-31', 'report_period': '2017-01-29', 'period': 'annual', 'currency': 'USD', 'net_income': 1666000000.0, 'depreciation_and_amortization': 187000000.0, 'share_based_compensation': 247000000.0, 'net_cash_flow_from_operations': 1672000000.0, 'net_cash_flow_from_investing': -793000000.0, 'capital_expenditure': -169000000.0, 'property_plant_and_equipment': -55000000.0, 'business_acquisitions_and_disposals': 0.0, 'investment_acquisitions_and_disposals': -624000000.0, 'net_cash_flow_from_financing': 291000000.0, 'issuance_or_repayment_of_debt_securities': 1315000000.0, 'issuance_or_purchase_of_equity_shares': -572000000.0, 'dividends_and_other_cash_distributions': -261000000.0, 'change_in_cash_and_equivalents': 1170000000.0, 'effect_of_exchange_rate_changes': 0.0, 'ending_cash_balance': 1766000000.0, 'free_cash_flow': 1503000000.0}, {'ticker': 'NVDA', 'calendar_date': '2015-12-31', 'report_period': '2016-01-31', 'period': 'annual', 'currency': 'USD', 'net_income': 614000000.0, 'depreciation_and_amortization': 197000000.0, 'share_based_compensation': 194000000.0, 'net_cash_flow_from_operations': 1175000000.0, 'net_cash_flow_from_investing': -400000000.0, 'capital_expenditure': -79000000.0, 'property_plant_and_equipment': 91000000.0, 'business_acquisitions_and_disposals': 0.0, 'investment_acquisitions_and_disposals': -345000000.0, 'net_cash_flow_from_financing': -676000000.0, 'issuance_or_repayment_of_debt_securities': 0.0, 'issuance_or_purchase_of_equity_shares': -401000000.0, 'dividends_and_other_cash_distributions': -213000000.0, 'change_in_cash_and_equivalents': 99000000.0, 'effect_of_exchange_rate_changes': 0.0, 'ending_cash_balance': 596000000.0, 'free_cash_flow': 1096000000.0}, {'ticker': 'NVDA', 'calendar_date': '2014-12-31', 'report_period': '2015-01-25', 'period': 'annual', 'currency': 'USD', 'net_income': 631000000.0, 'depreciation_and_amortization': 220000000.0, 'share_based_compensation': 140000000.0, 'net_cash_flow_from_operations': 906000000.0, 'net_cash_flow_from_investing': -727000000.0, 'capital_expenditure': -101000000.0, 'property_plant_and_equipment': 25740000.0, 'business_acquisitions_and_disposals': 0.0, 'investment_acquisitions_and_disposals': -625000000.0, 'net_cash_flow_from_financing': -834000000.0, 'issuance_or_repayment_of_debt_securities': 0.0, 'issuance_or_purchase_of_equity_shares': -814000000.0, 'dividends_and_other_cash_distributions': -186000000.0, 'change_in_cash_and_equivalents': -655000000.0, 'effect_of_exchange_rate_changes': 0.0, 'ending_cash_balance': 497000000.0, 'free_cash_flow': 805000000.0}, {'ticker': 'NVDA', 'calendar_date': '2013-12-31', 'report_period': '2014-01-26', 'period': 'annual', 'currency': 'USD', 'net_income': 440000000.0, 'depreciation_and_amortization': 239000000.0, 'share_based_compensation': 110000000.0, 'net_cash_flow_from_operations': 835000000.0, 'net_cash_flow_from_investing': -806000000.0, 'capital_expenditure': -230000000.0, 'property_plant_and_equipment': -6596000.0, 'business_acquisitions_and_disposals': -17000000.0, 'investment_acquisitions_and_disposals': -554000000.0, 'net_cash_flow_from_financing': 390000000.0, 'issuance_or_repayment_of_debt_securities': 1476000000.0, 'issuance_or_purchase_of_equity_shares': -759000000.0, 'dividends_and_other_cash_distributions': -181000000.0, 'change_in_cash_and_equivalents': 419000000.0, 'effect_of_exchange_rate_changes': 0.0, 'ending_cash_balance': 1151587000.0, 'free_cash_flow': 605000000.0}, {'ticker': 'NVDA', 'calendar_date': '2012-12-31', 'report_period': '2013-01-27', 'period': 'annual', 'currency': 'USD', 'net_income': 562536000.0, 'depreciation_and_amortization': 226235000.0, 'share_based_compensation': 67952000.0, 'net_cash_flow_from_operations': 824172000.0, 'net_cash_flow_from_investing': -743992000.0, 'capital_expenditure': -183309000.0, 'property_plant_and_equipment': -16072000.0, 'business_acquisitions_and_disposals': 0.0, 'investment_acquisitions_and_disposals': -561035000.0, 'net_cash_flow_from_financing': -15270000.0, 'issuance_or_repayment_of_debt_securities': -2049000.0, 'issuance_or_purchase_of_equity_shares': -35065000.0, 'dividends_and_other_cash_distributions': -46866000.0, 'change_in_cash_and_equivalents': 64910000.0, 'effect_of_exchange_rate_changes': 0.0, 'ending_cash_balance': 732786000.0, 'free_cash_flow': 640863000.0}, {'ticker': 'NVDA', 'calendar_date': '2011-12-31', 'report_period': '2012-01-29', 'period': 'annual', 'currency': 'USD', 'net_income': 581090000.0, 'depreciation_and_amortization': 204205000.0, 'share_based_compensation': 83561000.0, 'net_cash_flow_from_operations': 909156000.0, 'net_cash_flow_from_investing': -1143364000.0, 'capital_expenditure': -138735000.0, 'property_plant_and_equipment': 8785000.0, 'business_acquisitions_and_disposals': -348884000.0, 'investment_acquisitions_and_disposals': -654155000.0, 'net_cash_flow_from_financing': 236723000.0, 'issuance_or_repayment_of_debt_securities': -1608000.0, 'issuance_or_purchase_of_equity_shares': 195857000.0, 'dividends_and_other_cash_distributions': 0.0, 'change_in_cash_and_equivalents': 2515000.0, 'effect_of_exchange_rate_changes': 0.0, 'ending_cash_balance': 667876000.0, 'free_cash_flow': 770421000.0}, {'ticker': 'NVDA', 'calendar_date': '2010-12-31', 'report_period': '2011-01-30', 'period': 'annual', 'currency': 'USD', 'net_income': 253146000.0, 'depreciation_and_amortization': 186989000.0, 'share_based_compensation': 85037000.0, 'net_cash_flow_from_operations': 675797000.0, 'net_cash_flow_from_investing': -649678000.0, 'capital_expenditure': -97890000.0, 'property_plant_and_equipment': 3001000.0, 'business_acquisitions_and_disposals': 0.0, 'investment_acquisitions_and_disposals': -549625000.0, 'net_cash_flow_from_financing': 192021000.0, 'issuance_or_repayment_of_debt_securities': -571000.0, 'issuance_or_purchase_of_equity_shares': 177276000.0, 'dividends_and_other_cash_distributions': 0.0, 'change_in_cash_and_equivalents': 218140000.0, 'effect_of_exchange_rate_changes': 0.0, 'ending_cash_balance': 665361000.0, 'free_cash_flow': 577907000.0}, {'ticker': 'NVDA', 'calendar_date': '2009-12-31', 'report_period': '2010-01-31', 'period': 'annual', 'currency': 'USD', 'net_income': -67987000.0, 'depreciation_and_amortization': 196664000.0, 'share_based_compensation': 240792000.0, 'net_cash_flow_from_operations': 487807000.0, 'net_cash_flow_from_investing': -519333000.0, 'capital_expenditure': -77601000.0, 'property_plant_and_equipment': 53940000.0, 'business_acquisitions_and_disposals': 0.0, 'investment_acquisitions_and_disposals': -441514000.0, 'net_cash_flow_from_financing': 61059000.0, 'issuance_or_repayment_of_debt_securities': -929000.0, 'issuance_or_purchase_of_equity_shares': 59954000.0, 'dividends_and_other_cash_distributions': 0.0, 'change_in_cash_and_equivalents': 29533000.0, 'effect_of_exchange_rate_changes': 0.0, 'ending_cash_balance': 447221000.0, 'free_cash_flow': 410206000.0}, {'ticker': 'NVDA', 'calendar_date': '2008-12-31', 'report_period': '2009-01-25', 'period': 'annual', 'currency': 'USD', 'net_income': -30041000.0, 'depreciation_and_amortization': 185023000.0, 'share_based_compensation': 161835000.0, 'net_cash_flow_from_operations': 249360000.0, 'net_cash_flow_from_investing': -209367000.0, 'capital_expenditure': -407670000.0, 'property_plant_and_equipment': -265990000.0, 'business_acquisitions_and_disposals': -27948000.0, 'investment_acquisitions_and_disposals': 226693000.0, 'net_cash_flow_from_financing': -349274000.0, 'issuance_or_repayment_of_debt_securities': 0.0, 'issuance_or_purchase_of_equity_shares': -350089000.0, 'dividends_and_other_cash_distributions': 0.0, 'change_in_cash_and_equivalents': -309281000.0, 'effect_of_exchange_rate_changes': 0.0, 'ending_cash_balance': 417688000.0, 'free_cash_flow': -158310000.0}, {'ticker': 'NVDA', 'calendar_date': '2007-12-31', 'report_period': '2008-01-27', 'period': 'annual', 'currency': 'USD', 'net_income': 797645000.0, 'depreciation_and_amortization': 133192000.0, 'share_based_compensation': 133365000.0, 'net_cash_flow_from_operations': 1270196000.0, 'net_cash_flow_from_investing': -761318000.0, 'capital_expenditure': -187745000.0, 'property_plant_and_equipment': -98980000.0, 'business_acquisitions_and_disposals': -75542000.0, 'investment_acquisitions_and_disposals': -496409000.0, 'net_cash_flow_from_financing': -326323000.0, 'issuance_or_repayment_of_debt_securities': 0.0, 'issuance_or_purchase_of_equity_shares': -326543000.0, 'dividends_and_other_cash_distributions': 0.0, 'change_in_cash_and_equivalents': 182555000.0, 'effect_of_exchange_rate_changes': 0.0, 'ending_cash_balance': 726969000.0, 'free_cash_flow': 1082451000.0}, {'ticker': 'NVDA', 'calendar_date': '2006-12-31', 'report_period': '2007-01-28', 'period': 'annual', 'currency': 'USD', 'net_income': 448834000.0, 'depreciation_and_amortization': 107562000.0, 'share_based_compensation': 108253000.0, 'net_cash_flow_from_operations': 572681000.0, 'net_cash_flow_from_investing': -526393000.0, 'capital_expenditure': -130826000.0, 'property_plant_and_equipment': -82676000.0, 'business_acquisitions_and_disposals': -401800000.0, 'investment_acquisitions_and_disposals': 6233000.0, 'net_cash_flow_from_financing': -53630000.0, 'issuance_or_repayment_of_debt_securities': 0.0, 'issuance_or_purchase_of_equity_shares': -53818000.0, 'dividends_and_other_cash_distributions': 0.0, 'change_in_cash_and_equivalents': -7342000.0, 'effect_of_exchange_rate_changes': 0.0, 'ending_cash_balance': 544414000.0, 'free_cash_flow': 441855000.0}, {'ticker': 'NVDA', 'calendar_date': '2005-12-31', 'report_period': '2006-01-29', 'period': 'annual', 'currency': 'USD', 'net_income': 301176000.0, 'depreciation_and_amortization': 97977000.0, 'share_based_compensation': 32740000.0, 'net_cash_flow_from_operations': 446408000.0, 'net_cash_flow_from_investing': -41787000.0, 'capital_expenditure': -79600000.0, 'property_plant_and_equipment': 803000.0, 'business_acquisitions_and_disposals': -12131000.0, 'investment_acquisitions_and_disposals': 49944000.0, 'net_cash_flow_from_financing': -61377000.0, 'issuance_or_repayment_of_debt_securities': 0.0, 'issuance_or_purchase_of_equity_shares': -61012000.0, 'dividends_and_other_cash_distributions': 0.0, 'change_in_cash_and_equivalents': 343244000.0, 'effect_of_exchange_rate_changes': 0.0, 'ending_cash_balance': 551756000.0, 'free_cash_flow': 366808000.0}, {'ticker': 'NVDA', 'calendar_date': '2004-12-31', 'report_period': '2005-01-30', 'period': 'annual', 'currency': 'USD', 'net_income': 88615000.0, 'depreciation_and_amortization': 102597000.0, 'share_based_compensation': 29438000.0, 'net_cash_flow_from_operations': 132200000.0, 'net_cash_flow_from_investing': -151953000.0, 'capital_expenditure': -67261000.0, 'property_plant_and_equipment': 11074000.0, 'business_acquisitions_and_disposals': 0.0, 'investment_acquisitions_and_disposals': -84692000.0, 'net_cash_flow_from_financing': 13843000.0, 'issuance_or_repayment_of_debt_securities': 0.0, 'issuance_or_purchase_of_equity_shares': 17858000.0, 'dividends_and_other_cash_distributions': 0.0, 'change_in_cash_and_equivalents': -5910000.0, 'effect_of_exchange_rate_changes': 0.0, 'ending_cash_balance': 208512000.0, 'free_cash_flow': 64939000.0}, {'ticker': 'NVDA', 'calendar_date': '2003-12-31', 'report_period': '2004-01-25', 'period': 'annual', 'currency': 'USD', 'net_income': 48630000.0, 'depreciation_and_amortization': 81944000.0, 'share_based_compensation': 45011000.0, 'net_cash_flow_from_operations': 49678000.0, 'net_cash_flow_from_investing': 88041000.0, 'capital_expenditure': -127604000.0, 'property_plant_and_equipment': -54877000.0, 'business_acquisitions_and_disposals': -71303000.0, 'investment_acquisitions_and_disposals': 286948000.0, 'net_cash_flow_from_financing': -270291000.0, 'issuance_or_repayment_of_debt_securities': -308048000.0, 'issuance_or_purchase_of_equity_shares': 0.0, 'dividends_and_other_cash_distributions': 0.0, 'change_in_cash_and_equivalents': -132572000.0, 'effect_of_exchange_rate_changes': 0.0, 'ending_cash_balance': 214422000.0, 'free_cash_flow': -77926000.0}, {'ticker': 'NVDA', 'calendar_date': '2002-12-31', 'report_period': '2003-01-26', 'period': 'annual', 'currency': 'USD', 'net_income': 90799000.0, 'depreciation_and_amortization': 58216000.0, 'share_based_compensation': 48930000.0, 'net_cash_flow_from_operations': 265032000.0, 'net_cash_flow_from_investing': -277324000.0, 'capital_expenditure': -63123000.0, 'property_plant_and_equipment': -15024000.0, 'business_acquisitions_and_disposals': -3901000.0, 'investment_acquisitions_and_disposals': -217300000.0, 'net_cash_flow_from_financing': 26286000.0, 'issuance_or_repayment_of_debt_securities': 799000.0, 'issuance_or_purchase_of_equity_shares': 0.0, 'dividends_and_other_cash_distributions': 0.0, 'change_in_cash_and_equivalents': 13994000.0, 'effect_of_exchange_rate_changes': 0.0, 'ending_cash_balance': 346994000.0, 'free_cash_flow': 201909000.0}, {'ticker': 'NVDA', 'calendar_date': '2001-12-31', 'report_period': '2002-01-27', 'period': 'annual', 'currency': 'USD', 'net_income': 176924000.0, 'depreciation_and_amortization': 43491000.0, 'share_based_compensation': 89302000.0, 'net_cash_flow_from_operations': 160806000.0, 'net_cash_flow_from_investing': -601172000.0, 'capital_expenditure': -96966000.0, 'property_plant_and_equipment': -72848000.0, 'business_acquisitions_and_disposals': -64109000.0, 'investment_acquisitions_and_disposals': -457597000.0, 'net_cash_flow_from_financing': 99091000.0, 'issuance_or_repayment_of_debt_securities': 8791000.0, 'issuance_or_purchase_of_equity_shares': 0.0, 'dividends_and_other_cash_distributions': 0.0, 'change_in_cash_and_equivalents': -341275000.0, 'effect_of_exchange_rate_changes': 0.0, 'ending_cash_balance': 340000000.0, 'free_cash_flow': 63840000.0}, {'ticker': 'NVDA', 'calendar_date': '2000-12-31', 'report_period': '2001-01-28', 'period': 'annual', 'currency': 'USD', 'net_income': 98469000.0, 'depreciation_and_amortization': 15724000.0, 'share_based_compensation': 63316000.0, 'net_cash_flow_from_operations': 267909000.0, 'net_cash_flow_from_investing': -60829000.0, 'capital_expenditure': -36329000.0, 'property_plant_and_equipment': -21394000.0, 'business_acquisitions_and_disposals': 0.0, 'investment_acquisitions_and_disposals': 0.0, 'net_cash_flow_from_financing': 405635000.0, 'issuance_or_repayment_of_debt_securities': 289056000.0, 'issuance_or_purchase_of_equity_shares': 96669000.0, 'dividends_and_other_cash_distributions': 0.0, 'change_in_cash_and_equivalents': 612715000.0, 'effect_of_exchange_rate_changes': 0.0, 'ending_cash_balance': 698775000.0, 'free_cash_flow': 231580000.0}, {'ticker': 'NVDA', 'calendar_date': '1999-12-31', 'report_period': '2000-01-30', 'period': 'annual', 'currency': 'USD', 'net_income': 40959000.0, 'depreciation_and_amortization': 9006000.0, 'share_based_compensation': 11290000.0, 'net_cash_flow_from_operations': 15871000.0, 'net_cash_flow_from_investing': -11589000.0, 'capital_expenditure': -11589000.0, 'property_plant_and_equipment': -14236000.0, 'business_acquisitions_and_disposals': 0.0, 'investment_acquisitions_and_disposals': 0.0, 'net_cash_flow_from_financing': 7021000.0, 'issuance_or_repayment_of_debt_securities': -6897000.0, 'issuance_or_purchase_of_equity_shares': 5741000.0, 'dividends_and_other_cash_distributions': 0.0, 'change_in_cash_and_equivalents': 11303000.0, 'effect_of_exchange_rate_changes': 0.0, 'ending_cash_balance': 61560000.0, 'free_cash_flow': 4282000.0}, {'ticker': 'NVDA', 'calendar_date': '1998-12-31', 'report_period': '1999-01-31', 'period': 'annual', 'currency': 'USD', 'net_income': 4130000.0, 'depreciation_and_amortization': 4006000.0, 'share_based_compensation': 2582000.0, 'net_cash_flow_from_operations': -1867000.0, 'net_cash_flow_from_investing': -7899000.0, 'capital_expenditure': -7899000.0, 'property_plant_and_equipment': -6114000.0, 'business_acquisitions_and_disposals': 0.0, 'investment_acquisitions_and_disposals': 0.0, 'net_cash_flow_from_financing': 52039000.0, 'issuance_or_repayment_of_debt_securities': 3152000.0, 'issuance_or_purchase_of_equity_shares': 37539000.0, 'dividends_and_other_cash_distributions': 0.0, 'change_in_cash_and_equivalents': 42273000.0, 'effect_of_exchange_rate_changes': 0.0, 'ending_cash_balance': 50257000.0, 'free_cash_flow': -9766000.0}, {'ticker': 'NVDA', 'calendar_date': '1997-12-31', 'report_period': '1997-12-31', 'period': 'annual', 'currency': 'USD', 'net_income': -3589000.0, 'depreciation_and_amortization': 1363000.0, 'share_based_compensation': 961000.0, 'net_cash_flow_from_operations': -1181000.0, 'net_cash_flow_from_investing': -2732000.0, 'capital_expenditure': -2732000.0, 'property_plant_and_equipment': -4392000.0, 'business_acquisitions_and_disposals': 0.0, 'investment_acquisitions_and_disposals': 0.0, 'net_cash_flow_from_financing': 7331000.0, 'issuance_or_repayment_of_debt_securities': -1037000.0, 'issuance_or_purchase_of_equity_shares': 0.0, 'dividends_and_other_cash_distributions': 0.0, 'change_in_cash_and_equivalents': 3418000.0, 'effect_of_exchange_rate_changes': 0.0, 'ending_cash_balance': 6551000.0, 'free_cash_flow': -3913000.0}, {'ticker': 'NVDA', 'calendar_date': '1996-12-31', 'report_period': '1996-12-31', 'period': 'annual', 'currency': 'USD', 'net_income': -3077000.0, 'depreciation_and_amortization': 802000.0, 'share_based_compensation': 0.0, 'net_cash_flow_from_operations': -279000.0, 'net_cash_flow_from_investing': -9000.0, 'capital_expenditure': -9000.0, 'property_plant_and_equipment': None, 'business_acquisitions_and_disposals': 0.0, 'investment_acquisitions_and_disposals': 0.0, 'net_cash_flow_from_financing': -451000.0, 'issuance_or_repayment_of_debt_securities': -502000.0, 'issuance_or_purchase_of_equity_shares': 51000.0, 'dividends_and_other_cash_distributions': 0.0, 'change_in_cash_and_equivalents': -739000.0, 'effect_of_exchange_rate_changes': 0.0, 'ending_cash_balance': 3133000.0, 'free_cash_flow': -288000.0}, {'ticker': 'NVDA', 'calendar_date': '1995-12-31', 'report_period': '1995-12-31', 'period': 'annual', 'currency': 'USD', 'net_income': -6377000.0, 'depreciation_and_amortization': 524000.0, 'share_based_compensation': 0.0, 'net_cash_flow_from_operations': -6133000.0, 'net_cash_flow_from_investing': -5000.0, 'capital_expenditure': -5000.0, 'property_plant_and_equipment': None, 'business_acquisitions_and_disposals': 0.0, 'investment_acquisitions_and_disposals': 0.0, 'net_cash_flow_from_financing': 5455000.0, 'issuance_or_repayment_of_debt_securities': -307000.0, 'issuance_or_purchase_of_equity_shares': 0.0, 'dividends_and_other_cash_distributions': 0.0, 'change_in_cash_and_equivalents': -683000.0, 'effect_of_exchange_rate_changes': 0.0, 'ending_cash_balance': None, 'free_cash_flow': -6138000.0}]}
-------------------------
[{'ticker': 'NVDA', 'calendar_date': '2023-12-31', 'report_period': '2024-01-28', 'period': 'annual', 'currency': 'USD', 'revenue': 60922000000.0, 'cost_of_revenue': 16621000000.0, 'gross_profit': 44301000000.0, 'operating_expense': 11329000000.0, 'selling_general_and_administrative_expenses': 2654000000.0, 'research_and_development': 8675000000.0, 'operating_income': 32972000000.0, 'interest_expense': 257000000.0, 'ebit': 34075000000.0, 'income_tax_expense': 4058000000.0, 'net_income_discontinued_operations': 0.0, 'net_income_non_controlling_interests': 0.0, 'net_income': 29760000000.0, 'net_income_common_stock': 29760000000.0, 'preferred_dividends_impact': 0.0, 'consolidated_income': 29760000000.0, 'earnings_per_share': 1.205, 'earnings_per_share_diluted': 1.193, 'dividends_per_common_share': 0.016, 'weighted_average_shares': 24690000000.0, 'weighted_average_shares_diluted': 24940000000.0}, {'ticker': 'NVDA', 'calendar_date': '2022-12-31', 'report_period': '2023-01-29', 'period': 'annual', 'currency': 'USD', 'revenue': 26974000000.0, 'cost_of_revenue': 11618000000.0, 'gross_profit': 15356000000.0, 'operating_expense': 11132000000.0, 'selling_general_and_administrative_expenses': 2440000000.0, 'research_and_development': 7339000000.0, 'operating_income': 4224000000.0, 'interest_expense': 262000000.0, 'ebit': 4443000000.0, 'income_tax_expense': -187000000.0, 'net_income_discontinued_operations': 0.0, 'net_income_non_controlling_interests': 0.0, 'net_income': 4368000000.0, 'net_income_common_stock': 4368000000.0, 'preferred_dividends_impact': 0.0, 'consolidated_income': 4368000000.0, 'earnings_per_share': 0.176, 'earnings_per_share_diluted': 0.174, 'dividends_per_common_share': 0.016, 'weighted_average_shares': 24870000000.0, 'weighted_average_shares_diluted': 25070000000.0}, {'ticker': 'NVDA', 'calendar_date': '2021-12-31', 'report_period': '2022-01-30', 'period': 'annual', 'currency': 'USD', 'revenue': 26914000000.0, 'cost_of_revenue': 9439000000.0, 'gross_profit': 17475000000.0, 'operating_expense': 7434000000.0, 'selling_general_and_administrative_expenses': 2166000000.0, 'research_and_development': 5268000000.0, 'operating_income': 10041000000.0, 'interest_expense': 236000000.0, 'ebit': 10177000000.0, 'income_tax_expense': 189000000.0, 'net_income_discontinued_operations': 0.0, 'net_income_non_controlling_interests': 0.0, 'net_income': 9752000000.0, 'net_income_common_stock': 9752000000.0, 'preferred_dividends_impact': 0.0, 'consolidated_income': 9752000000.0, 'earnings_per_share': 0.391, 'earnings_per_share_diluted': 0.385, 'dividends_per_common_share': 0.016, 'weighted_average_shares': 24960000000.0, 'weighted_average_shares_diluted': 25350000000.0}, {'ticker': 'NVDA', 'calendar_date': '2020-12-31', 'report_period': '2021-01-31', 'period': 'annual', 'currency': 'USD', 'revenue': 16675000000.0, 'cost_of_revenue': 6279000000.0, 'gross_profit': 10396000000.0, 'operating_expense': 5864000000.0, 'selling_general_and_administrative_expenses': 1940000000.0, 'research_and_development': 3924000000.0, 'operating_income': 4532000000.0, 'interest_expense': 184000000.0, 'ebit': 4593000000.0, 'income_tax_expense': 77000000.0, 'net_income_discontinued_operations': 0.0, 'net_income_non_controlling_interests': 0.0, 'net_income': 4332000000.0, 'net_income_common_stock': 4332000000.0, 'preferred_dividends_impact': 0.0, 'consolidated_income': 4332000000.0, 'earnings_per_share': 0.176, 'earnings_per_share_diluted': 0.173, 'dividends_per_common_share': 0.016, 'weighted_average_shares': 24670000000.0, 'weighted_average_shares_diluted': 25100000000.0}, {'ticker': 'NVDA', 'calendar_date': '2019-12-31', 'report_period': '2020-01-26', 'period': 'annual', 'currency': 'USD', 'revenue': 10918000000.0, 'cost_of_revenue': 4150000000.0, 'gross_profit': 6768000000.0, 'operating_expense': 3922000000.0, 'selling_general_and_administrative_expenses': 1093000000.0, 'research_and_development': 2829000000.0, 'operating_income': 2846000000.0, 'interest_expense': 52000000.0, 'ebit': 3022000000.0, 'income_tax_expense': 174000000.0, 'net_income_discontinued_operations': 0.0, 'net_income_non_controlling_interests': 0.0, 'net_income': 2796000000.0, 'net_income_common_stock': 2796000000.0, 'preferred_dividends_impact': 0.0, 'consolidated_income': 2796000000.0, 'earnings_per_share': 0.115, 'earnings_per_share_diluted': 0.113, 'dividends_per_common_share': 0.016, 'weighted_average_shares': 24390000000.0, 'weighted_average_shares_diluted': 24720000000.0}, {'ticker': 'NVDA', 'calendar_date': '2018-12-31', 'report_period': '2019-01-27', 'period': 'annual', 'currency': 'USD', 'revenue': 11716000000.0, 'cost_of_revenue': 4545000000.0, 'gross_profit': 7171000000.0, 'operating_expense': 3367000000.0, 'selling_general_and_administrative_expenses': 991000000.0, 'research_and_development': 2376000000.0, 'operating_income': 3804000000.0, 'interest_expense': 58000000.0, 'ebit': 3954000000.0, 'income_tax_expense': -245000000.0, 'net_income_discontinued_operations': 0.0, 'net_income_non_controlling_interests': 0.0, 'net_income': 4141000000.0, 'net_income_common_stock': 4141000000.0, 'preferred_dividends_impact': 0.0, 'consolidated_income': 4141000000.0, 'earnings_per_share': 0.17, 'earnings_per_share_diluted': 0.166, 'dividends_per_common_share': 0.015, 'weighted_average_shares': 24320000000.0, 'weighted_average_shares_diluted': 25000000000.0}, {'ticker': 'NVDA', 'calendar_date': '2017-12-31', 'report_period': '2018-01-28', 'period': 'annual', 'currency': 'USD', 'revenue': 9714000000.0, 'cost_of_revenue': 3892000000.0, 'gross_profit': 5822000000.0, 'operating_expense': 2612000000.0, 'selling_general_and_administrative_expenses': 815000000.0, 'research_and_development': 1797000000.0, 'operating_income': 3210000000.0, 'interest_expense': 61000000.0, 'ebit': 3257000000.0, 'income_tax_expense': 149000000.0, 'net_income_discontinued_operations': 0.0, 'net_income_non_controlling_interests': 0.0, 'net_income': 3047000000.0, 'net_income_common_stock': 3047000000.0, 'preferred_dividends_impact': 0.0, 'consolidated_income': 3047000000.0, 'earnings_per_share': 0.127, 'earnings_per_share_diluted': 0.12, 'dividends_per_common_share': 0.014, 'weighted_average_shares': 23960000000.0, 'weighted_average_shares_diluted': 25280000000.0}, {'ticker': 'NVDA', 'calendar_date': '2016-12-31', 'report_period': '2017-01-29', 'period': 'annual', 'currency': 'USD', 'revenue': 6910000000.0, 'cost_of_revenue': 2847000000.0, 'gross_profit': 4063000000.0, 'operating_expense': 2129000000.0, 'selling_general_and_administrative_expenses': 663000000.0, 'research_and_development': 1463000000.0, 'operating_income': 1934000000.0, 'interest_expense': 58000000.0, 'ebit': 1963000000.0, 'income_tax_expense': 239000000.0, 'net_income_discontinued_operations': 0.0, 'net_income_non_controlling_interests': 0.0, 'net_income': 1666000000.0, 'net_income_common_stock': 1666000000.0, 'preferred_dividends_impact': 0.0, 'consolidated_income': 1666000000.0, 'earnings_per_share': 0.077, 'earnings_per_share_diluted': 0.064, 'dividends_per_common_share': 0.012, 'weighted_average_shares': 21640000000.0, 'weighted_average_shares_diluted': 25960000000.0}, {'ticker': 'NVDA', 'calendar_date': '2015-12-31', 'report_period': '2016-01-31', 'period': 'annual', 'currency': 'USD', 'revenue': 5010000000.0, 'cost_of_revenue': 2199000000.0, 'gross_profit': 2811000000.0, 'operating_expense': 2064000000.0, 'selling_general_and_administrative_expenses': 602000000.0, 'research_and_development': 1331000000.0, 'operating_income': 747000000.0, 'interest_expense': 47000000.0, 'ebit': 790000000.0, 'income_tax_expense': 129000000.0, 'net_income_discontinued_operations': 0.0, 'net_income_non_controlling_interests': 0.0, 'net_income': 614000000.0, 'net_income_common_stock': 614000000.0, 'preferred_dividends_impact': 0.0, 'consolidated_income': 614000000.0, 'earnings_per_share': 0.028, 'earnings_per_share_diluted': 0.027, 'dividends_per_common_share': 0.01, 'weighted_average_shares': 21720000000.0, 'weighted_average_shares_diluted': 22760000000.0}, {'ticker': 'NVDA', 'calendar_date': '2014-12-31', 'report_period': '2015-01-25', 'period': 'annual', 'currency': 'USD', 'revenue': 4682000000.0, 'cost_of_revenue': 2083000000.0, 'gross_profit': 2599000000.0, 'operating_expense': 1840000000.0, 'selling_general_and_administrative_expenses': 480000000.0, 'research_and_development': 1360000000.0, 'operating_income': 759000000.0, 'interest_expense': 46000000.0, 'ebit': 801000000.0, 'income_tax_expense': 124000000.0, 'net_income_discontinued_operations': 0.0, 'net_income_non_controlling_interests': 0.0, 'net_income': 631000000.0, 'net_income_common_stock': 631000000.0, 'preferred_dividends_impact': 0.0, 'consolidated_income': 631000000.0, 'earnings_per_share': 0.029, 'earnings_per_share_diluted': 0.028, 'dividends_per_common_share': 0.009, 'weighted_average_shares': 22080000000.0, 'weighted_average_shares_diluted': 22520000000.0}, {'ticker': 'NVDA', 'calendar_date': '2013-12-31', 'report_period': '2014-01-26', 'period': 'annual', 'currency': 'USD', 'revenue': 4130000000.0, 'cost_of_revenue': 1862000000.0, 'gross_profit': 2268000000.0, 'operating_expense': 1772000000.0, 'selling_general_and_administrative_expenses': 436000000.0, 'research_and_development': 1336000000.0, 'operating_income': 496000000.0, 'interest_expense': 10000000.0, 'ebit': 520000000.0, 'income_tax_expense': 70000000.0, 'net_income_discontinued_operations': 0.0, 'net_income_non_controlling_interests': 0.0, 'net_income': 440000000.0, 'net_income_common_stock': 440000000.0, 'preferred_dividends_impact': 0.0, 'consolidated_income': 440000000.0, 'earnings_per_share': 0.019, 'earnings_per_share_diluted': 0.018, 'dividends_per_common_share': 0.008, 'weighted_average_shares': 23520000000.0, 'weighted_average_shares_diluted': 23800000000.0}, {'ticker': 'NVDA', 'calendar_date': '2012-12-31', 'report_period': '2013-01-27', 'period': 'annual', 'currency': 'USD', 'revenue': 4280159000.0, 'cost_of_revenue': 2053816000.0, 'gross_profit': 2226343000.0, 'operating_expense': 1578104000.0, 'selling_general_and_administrative_expenses': 430822000.0, 'research_and_development': 1147282000.0, 'operating_income': 648239000.0, 'interest_expense': 3294000.0, 'ebit': 665333000.0, 'income_tax_expense': 99503000.0, 'net_income_discontinued_operations': 0.0, 'net_income_non_controlling_interests': 0.0, 'net_income': 562536000.0, 'net_income_common_stock': 562536000.0, 'preferred_dividends_impact': 0.0, 'consolidated_income': 562536000.0, 'earnings_per_share': 0.023, 'earnings_per_share_diluted': 0.022, 'dividends_per_common_share': 0.002, 'weighted_average_shares': 24772960000.0, 'weighted_average_shares_diluted': 24998280000.0}, {'ticker': 'NVDA', 'calendar_date': '2011-12-31', 'report_period': '2012-01-29', 'period': 'annual', 'currency': 'USD', 'revenue': 3997930000.0, 'cost_of_revenue': 1941413000.0, 'gross_profit': 2056517000.0, 'operating_expense': 1408218000.0, 'selling_general_and_administrative_expenses': 405613000.0, 'research_and_development': 1002605000.0, 'operating_income': 648299000.0, 'interest_expense': 3089000.0, 'ebit': 666485000.0, 'income_tax_expense': 82306000.0, 'net_income_discontinued_operations': 0.0, 'net_income_non_controlling_interests': 0.0, 'net_income': 581090000.0, 'net_income_common_stock': 581090000.0, 'preferred_dividends_impact': 0.0, 'consolidated_income': 581090000.0, 'earnings_per_share': 0.024, 'earnings_per_share_diluted': 0.024, 'dividends_per_common_share': 0.0, 'weighted_average_shares': 24145840000.0, 'weighted_average_shares_diluted': 24654840000.0}, {'ticker': 'NVDA', 'calendar_date': '2010-12-31', 'report_period': '2011-01-30', 'period': 'annual', 'currency': 'USD', 'revenue': 3543309000.0, 'cost_of_revenue': 2134219000.0, 'gross_profit': 1409090000.0, 'operating_expense': 1153343000.0, 'selling_general_and_administrative_expenses': 361513000.0, 'research_and_development': 848830000.0, 'operating_income': 255747000.0, 'interest_expense': 3127000.0, 'ebit': 274296000.0, 'income_tax_expense': 18023000.0, 'net_income_discontinued_operations': 0.0, 'net_income_non_controlling_interests': 0.0, 'net_income': 253146000.0, 'net_income_common_stock': 253146000.0, 'preferred_dividends_impact': 0.0, 'consolidated_income': 253146000.0, 'earnings_per_share': 0.011, 'earnings_per_share_diluted': 0.011, 'dividends_per_common_share': 0.0, 'weighted_average_shares': 23007080000.0, 'weighted_average_shares_diluted': 23547360000.0}, {'ticker': 'NVDA', 'calendar_date': '2009-12-31', 'report_period': '2010-01-31', 'period': 'annual', 'currency': 'USD', 'revenue': 3326445000.0, 'cost_of_revenue': 2149522000.0, 'gross_profit': 1176923000.0, 'operating_expense': 1275868000.0, 'selling_general_and_administrative_expenses': 367017000.0, 'research_and_development': 908851000.0, 'operating_income': -98945000.0, 'interest_expense': 3320000.0, 'ebit': -78974000.0, 'income_tax_expense': -14307000.0, 'net_income_discontinued_operations': 0.0, 'net_income_non_controlling_interests': 0.0, 'net_income': -67987000.0, 'net_income_common_stock': -67987000.0, 'preferred_dividends_impact': 0.0, 'consolidated_income': -67987000.0, 'earnings_per_share': -0.003, 'earnings_per_share_diluted': -0.003, 'dividends_per_common_share': 0.0, 'weighted_average_shares': 21982960000.0, 'weighted_average_shares_diluted': 21982960000.0}, {'ticker': 'NVDA', 'calendar_date': '2008-12-31', 'report_period': '2009-01-25', 'period': 'annual', 'currency': 'USD', 'revenue': 3424859000.0, 'cost_of_revenue': 2250590000.0, 'gross_profit': 1174269000.0, 'operating_expense': 1244969000.0, 'selling_general_and_administrative_expenses': 362222000.0, 'research_and_development': 855879000.0, 'operating_income': -70700000.0, 'interest_expense': 406000.0, 'ebit': -42548000.0, 'income_tax_expense': -12913000.0, 'net_income_discontinued_operations': 0.0, 'net_income_non_controlling_interests': 0.0, 'net_income': -30041000.0, 'net_income_common_stock': -30041000.0, 'preferred_dividends_impact': 0.0, 'consolidated_income': -30041000.0, 'earnings_per_share': -0.001, 'earnings_per_share_diluted': -0.001, 'dividends_per_common_share': 0.0, 'weighted_average_shares': 21925040000.0, 'weighted_average_shares_diluted': 21925040000.0}, {'ticker': 'NVDA', 'calendar_date': '2007-12-31', 'report_period': '2008-01-27', 'period': 'annual', 'currency': 'USD', 'revenue': 4097860000.0, 'cost_of_revenue': 2228580000.0, 'gross_profit': 1869280000.0, 'operating_expense': 1032934000.0, 'selling_general_and_administrative_expenses': 341297000.0, 'research_and_development': 691637000.0, 'operating_income': 836346000.0, 'interest_expense': 54000.0, 'ebit': 901395000.0, 'income_tax_expense': 103696000.0, 'net_income_discontinued_operations': 0.0, 'net_income_non_controlling_interests': 0.0, 'net_income': 797645000.0, 'net_income_common_stock': 797645000.0, 'preferred_dividends_impact': 0.0, 'consolidated_income': 797645000.0, 'earnings_per_share': 0.036, 'earnings_per_share_diluted': 0.033, 'dividends_per_common_share': 0.0, 'weighted_average_shares': 22004320000.0, 'weighted_average_shares_diluted': 24269280000.0}, {'ticker': 'NVDA', 'calendar_date': '2006-12-31', 'report_period': '2007-01-28', 'period': 'annual', 'currency': 'USD', 'revenue': 3068771000.0, 'cost_of_revenue': 1768322000.0, 'gross_profit': 1300449000.0, 'operating_expense': 846997000.0, 'selling_general_and_administrative_expenses': 293530000.0, 'research_and_development': 553467000.0, 'operating_income': 453452000.0, 'interest_expense': 21000.0, 'ebit': 495205000.0, 'income_tax_expense': 46350000.0, 'net_income_discontinued_operations': 0.0, 'net_income_non_controlling_interests': 0.0, 'net_income': 448834000.0, 'net_income_common_stock': 448834000.0, 'preferred_dividends_impact': 0.0, 'consolidated_income': 448834000.0, 'earnings_per_share': 0.021, 'earnings_per_share_diluted': 0.019, 'dividends_per_common_share': 0.0, 'weighted_average_shares': 21144240000.0, 'weighted_average_shares_diluted': 23490240000.0}, {'ticker': 'NVDA', 'calendar_date': '2005-12-31', 'report_period': '2006-01-29', 'period': 'annual', 'currency': 'USD', 'revenue': 2375687000.0, 'cost_of_revenue': 1465654000.0, 'gross_profit': 910033000.0, 'operating_expense': 573369000.0, 'selling_general_and_administrative_expenses': 202088000.0, 'research_and_development': 357123000.0, 'operating_income': 336664000.0, 'interest_expense': 72000.0, 'ebit': 356860000.0, 'income_tax_expense': 55612000.0, 'net_income_discontinued_operations': 0.0, 'net_income_non_controlling_interests': 0.0, 'net_income': 301176000.0, 'net_income_common_stock': 301176000.0, 'preferred_dividends_impact': 0.0, 'consolidated_income': 301176000.0, 'earnings_per_share': 0.015, 'earnings_per_share_diluted': 0.014, 'dividends_per_common_share': 0.0, 'weighted_average_shares': 20362800000.0, 'weighted_average_shares_diluted': 21942240000.0}, {'ticker': 'NVDA', 'calendar_date': '2004-12-31', 'report_period': '2005-01-30', 'period': 'annual', 'currency': 'USD', 'revenue': 2010033000.0, 'cost_of_revenue': 1362478000.0, 'gross_profit': 647555000.0, 'operating_expense': 552379000.0, 'selling_general_and_administrative_expenses': 204159000.0, 'research_and_development': 348220000.0, 'operating_income': 95176000.0, 'interest_expense': 164000.0, 'ebit': 107192000.0, 'income_tax_expense': 18413000.0, 'net_income_discontinued_operations': 0.0, 'net_income_non_controlling_interests': 0.0, 'net_income': 88615000.0, 'net_income_common_stock': 88615000.0, 'preferred_dividends_impact': 0.0, 'consolidated_income': 88615000.0, 'earnings_per_share': 0.004, 'earnings_per_share_diluted': 0.004, 'dividends_per_common_share': 0.0, 'weighted_average_shares': 19927440000.0, 'weighted_average_shares_diluted': 21097440000.0}, {'ticker': 'NVDA', 'calendar_date': '2003-12-31', 'report_period': '2004-01-25', 'period': 'annual', 'currency': 'USD', 'revenue': 1822945000.0, 'cost_of_revenue': 1297684000.0, 'gross_profit': 525261000.0, 'operating_expense': 475473000.0, 'selling_general_and_administrative_expenses': 179811000.0, 'research_and_development': 292162000.0, 'operating_income': 49788000.0, 'interest_expense': 12010000.0, 'ebit': 58314000.0, 'income_tax_expense': -2326000.0, 'net_income_discontinued_operations': 0.0, 'net_income_non_controlling_interests': 0.0, 'net_income': 48630000.0, 'net_income_common_stock': 48630000.0, 'preferred_dividends_impact': 0.0, 'consolidated_income': 48630000.0, 'earnings_per_share': 0.003, 'earnings_per_share_diluted': 0.002, 'dividends_per_common_share': 0.0, 'weighted_average_shares': 19310880000.0, 'weighted_average_shares_diluted': 20646480000.0}, {'ticker': 'NVDA', 'calendar_date': '2002-12-31', 'report_period': '2003-01-26', 'period': 'annual', 'currency': 'USD', 'revenue': 1909447000.0, 'cost_of_revenue': 1333435000.0, 'gross_profit': 576012000.0, 'operating_expense': 432026000.0, 'selling_general_and_administrative_expenses': 151485000.0, 'research_and_development': 224873000.0, 'operating_income': 143986000.0, 'interest_expense': 16467000.0, 'ebit': 167024000.0, 'income_tax_expense': 59758000.0, 'net_income_discontinued_operations': 0.0, 'net_income_non_controlling_interests': 0.0, 'net_income': 90799000.0, 'net_income_common_stock': 90799000.0, 'preferred_dividends_impact': 0.0, 'consolidated_income': 90799000.0, 'earnings_per_share': 0.005, 'earnings_per_share_diluted': 0.004, 'dividends_per_common_share': 0.0, 'weighted_average_shares': 18421560000.0, 'weighted_average_shares_diluted': 20207160000.0}, {'ticker': 'NVDA', 'calendar_date': '2001-12-31', 'report_period': '2002-01-27', 'period': 'annual', 'currency': 'USD', 'revenue': 1369471000.0, 'cost_of_revenue': 850233000.0, 'gross_profit': 519238000.0, 'operating_expense': 277506000.0, 'selling_general_and_administrative_expenses': 98944000.0, 'research_and_development': 154752000.0, 'operating_income': 241732000.0, 'interest_expense': 16173000.0, 'ebit': 268922000.0, 'income_tax_expense': 75825000.0, 'net_income_discontinued_operations': 0.0, 'net_income_non_controlling_interests': 0.0, 'net_income': 176924000.0, 'net_income_common_stock': 176924000.0, 'preferred_dividends_impact': 0.0, 'consolidated_income': 176924000.0, 'earnings_per_share': 0.01, 'earnings_per_share_diluted': 0.009, 'dividends_per_common_share': 0.0, 'weighted_average_shares': 17161800000.0, 'weighted_average_shares_diluted': 20528880000.0}, {'ticker': 'NVDA', 'calendar_date': '2000-12-31', 'report_period': '2001-01-28', 'period': 'annual', 'currency': 'USD', 'revenue': 735264000.0, 'cost_of_revenue': 462385000.0, 'gross_profit': 272879000.0, 'operating_expense': 144744000.0, 'selling_general_and_administrative_expenses': 58697000.0, 'research_and_development': 86047000.0, 'operating_income': 128135000.0, 'interest_expense': 0.0, 'ebit': 144808000.0, 'income_tax_expense': 46339000.0, 'net_income_discontinued_operations': 0.0, 'net_income_non_controlling_interests': 0.0, 'net_income': 98469000.0, 'net_income_common_stock': 98469000.0, 'preferred_dividends_impact': 0.0, 'consolidated_income': 98469000.0, 'earnings_per_share': 0.006, 'earnings_per_share_diluted': 0.005, 'dividends_per_common_share': 0.0, 'weighted_average_shares': 15719760000.0, 'weighted_average_shares_diluted': 19115280000.0}, {'ticker': 'NVDA', 'calendar_date': '1999-12-31', 'report_period': '2000-01-30', 'period': 'annual', 'currency': 'USD', 'revenue': 374505000.0, 'cost_of_revenue': 232662000.0, 'gross_profit': 141843000.0, 'operating_expense': 83226000.0, 'selling_general_and_administrative_expenses': 36312000.0, 'research_and_development': 46914000.0, 'operating_income': 58617000.0, 'interest_expense': 332000.0, 'ebit': 60703000.0, 'income_tax_expense': 19412000.0, 'net_income_discontinued_operations': 0.0, 'net_income_non_controlling_interests': 0.0, 'net_income': 40959000.0, 'net_income_common_stock': 40959000.0, 'preferred_dividends_impact': 0.0, 'consolidated_income': 40959000.0, 'earnings_per_share': 0.003, 'earnings_per_share_diluted': 0.002, 'dividends_per_common_share': 0.0, 'weighted_average_shares': 14338560000.0, 'weighted_average_shares_diluted': 17327040000.0}, {'ticker': 'NVDA', 'calendar_date': '1998-12-31', 'report_period': '1999-01-31', 'period': 'annual', 'currency': 'USD', 'revenue': 158237000.0, 'cost_of_revenue': 109746000.0, 'gross_profit': 48491000.0, 'operating_expense': 43975000.0, 'selling_general_and_administrative_expenses': 18902000.0, 'research_and_development': 25073000.0, 'operating_income': 4516000.0, 'interest_expense': 292000.0, 'ebit': 4779000.0, 'income_tax_expense': 357000.0, 'net_income_discontinued_operations': 0.0, 'net_income_non_controlling_interests': 0.0, 'net_income': 4130000.0, 'net_income_common_stock': 4130000.0, 'preferred_dividends_impact': 0.0, 'consolidated_income': 4130000.0, 'earnings_per_share': 0.001, 'earnings_per_share_diluted': 0.0, 'dividends_per_common_share': 0.0, 'weighted_average_shares': 6991200000.0, 'weighted_average_shares_diluted': 13148640000.0}, {'ticker': 'NVDA', 'calendar_date': '1997-12-31', 'report_period': '1997-12-31', 'period': 'annual', 'currency': 'USD', 'revenue': 29071000.0, 'cost_of_revenue': 21244000.0, 'gross_profit': 7827000.0, 'operating_expense': 11286000.0, 'selling_general_and_administrative_expenses': 4183000.0, 'research_and_development': 7103000.0, 'operating_income': -3459000.0, 'interest_expense': 130000.0, 'ebit': -3459000.0, 'income_tax_expense': 0.0, 'net_income_discontinued_operations': 0.0, 'net_income_non_controlling_interests': 0.0, 'net_income': -3589000.0, 'net_income_common_stock': -3589000.0, 'preferred_dividends_impact': 0.0, 'consolidated_income': -3589000.0, 'earnings_per_share': -0.001, 'earnings_per_share_diluted': -0.001, 'dividends_per_common_share': 0.0, 'weighted_average_shares': 6084960000.0, 'weighted_average_shares_diluted': 6084960000.0}, {'ticker': 'NVDA', 'calendar_date': '1996-12-31', 'report_period': '1996-12-31', 'period': 'annual', 'currency': 'USD', 'revenue': 3912000.0, 'cost_of_revenue': 3038000.0, 'gross_profit': 874000.0, 'operating_expense': 3867000.0, 'selling_general_and_administrative_expenses': 2649000.0, 'research_and_development': 1218000.0, 'operating_income': -2993000.0, 'interest_expense': 84000.0, 'ebit': -2993000.0, 'income_tax_expense': 0.0, 'net_income_discontinued_operations': 0.0, 'net_income_non_controlling_interests': 0.0, 'net_income': -3077000.0, 'net_income_common_stock': -3077000.0, 'preferred_dividends_impact': 0.0, 'consolidated_income': -3077000.0, 'earnings_per_share': -0.001, 'earnings_per_share_diluted': -0.001, 'dividends_per_common_share': 0.0, 'weighted_average_shares': 5463840000.0, 'weighted_average_shares_diluted': 5463840000.0}, {'ticker': 'NVDA', 'calendar_date': '1995-12-31', 'report_period': '1995-12-31', 'period': 'annual', 'currency': 'USD', 'revenue': 1182000.0, 'cost_of_revenue': 1549000.0, 'gross_profit': -367000.0, 'operating_expense': 6103000.0, 'selling_general_and_administrative_expenses': 3677000.0, 'research_and_development': 2426000.0, 'operating_income': -6470000.0, 'interest_expense': -93000.0, 'ebit': -6470000.0, 'income_tax_expense': 0.0, 'net_income_discontinued_operations': 0.0, 'net_income_non_controlling_interests': 0.0, 'net_income': -6377000.0, 'net_income_common_stock': -6377000.0, 'preferred_dividends_impact': 0.0, 'consolidated_income': -6377000.0, 'earnings_per_share': -0.001, 'earnings_per_share_diluted': -0.001, 'dividends_per_common_share': 0.0, 'weighted_average_shares': 5455200000.0, 'weighted_average_shares_diluted': 5455200000.0}]
-------------------------
[{'ticker': 'NVDA', 'calendar_date': '2023-12-31', 'report_period': '2024-01-28', 'period': 'annual', 'currency': 'USD', 'total_assets': 65728000000.0, 'current_assets': 44345000000.0, 'cash_and_equivalents': 7280000000.0, 'inventory': 5282000000.0, 'current_investments': 18704000000.0, 'trade_and_non_trade_receivables': 9999000000.0, 'non_current_assets': 21383000000.0, 'property_plant_and_equipment': 5260000000.0, 'goodwill_and_intangible_assets': 5542000000.0, 'investments': 18704000000.0, 'non_current_investments': 0.0, 'tax_assets': 6081000000.0, 'total_liabilities': 22750000000.0, 'current_liabilities': 10631000000.0, 'current_debt': 1250000000.0, 'trade_and_non_trade_payables': 2699000000.0, 'deferred_revenue': 0.0, 'deposit_liabilities': 0.0, 'non_current_liabilities': 12119000000.0, 'non_current_debt': 9578000000.0, 'tax_liabilities': 0.0, 'shareholders_equity': 42978000000.0, 'retained_earnings': 29817000000.0, 'accumulated_other_comprehensive_income': 27000000.0, 'outstanding_shares': 24700000000.0, 'total_debt': 10828000000.0}, {'ticker': 'NVDA', 'calendar_date': '2022-12-31', 'report_period': '2023-01-29', 'period': 'annual', 'currency': 'USD', 'total_assets': 41182000000.0, 'current_assets': 23073000000.0, 'cash_and_equivalents': 3389000000.0, 'inventory': 5159000000.0, 'current_investments': 9907000000.0, 'trade_and_non_trade_receivables': 3827000000.0, 'non_current_assets': 18109000000.0, 'property_plant_and_equipment': 4845000000.0, 'goodwill_and_intangible_assets': 6048000000.0, 'investments': 9907000000.0, 'non_current_investments': 0.0, 'tax_assets': 3396000000.0, 'total_liabilities': 19081000000.0, 'current_liabilities': 6563000000.0, 'current_debt': 1250000000.0, 'trade_and_non_trade_payables': 1193000000.0, 'deferred_revenue': 0.0, 'deposit_liabilities': 0.0, 'non_current_liabilities': 12518000000.0, 'non_current_debt': 10605000000.0, 'tax_liabilities': 0.0, 'shareholders_equity': 22101000000.0, 'retained_earnings': 10171000000.0, 'accumulated_other_comprehensive_income': -43000000.0, 'outstanding_shares': 24600000000.0, 'total_debt': 11855000000.0}, {'ticker': 'NVDA', 'calendar_date': '2021-12-31', 'report_period': '2022-01-30', 'period': 'annual', 'currency': 'USD', 'total_assets': 44187000000.0, 'current_assets': 28829000000.0, 'cash_and_equivalents': 1990000000.0, 'inventory': 2605000000.0, 'current_investments': 19218000000.0, 'trade_and_non_trade_receivables': 4650000000.0, 'non_current_assets': 15358000000.0, 'property_plant_and_equipment': 3607000000.0, 'goodwill_and_intangible_assets': 6688000000.0, 'investments': 19218000000.0, 'non_current_investments': 0.0, 'tax_assets': 1222000000.0, 'total_liabilities': 17575000000.0, 'current_liabilities': 4335000000.0, 'current_debt': 0.0, 'trade_and_non_trade_payables': 1783000000.0, 'deferred_revenue': 0.0, 'deposit_liabilities': 0.0, 'non_current_liabilities': 13240000000.0, 'non_current_debt': 11687000000.0, 'tax_liabilities': 0.0, 'shareholders_equity': 26612000000.0, 'retained_earnings': 16235000000.0, 'accumulated_other_comprehensive_income': -11000000.0, 'outstanding_shares': 25020000000.0, 'total_debt': 11687000000.0}, {'ticker': 'NVDA', 'calendar_date': '2020-12-31', 'report_period': '2021-01-31', 'period': 'annual', 'currency': 'USD', 'total_assets': 28791000000.0, 'current_assets': 16055000000.0, 'cash_and_equivalents': 847000000.0, 'inventory': 1826000000.0, 'current_investments': 10714000000.0, 'trade_and_non_trade_receivables': 2429000000.0, 'non_current_assets': 12736000000.0, 'property_plant_and_equipment': 2856000000.0, 'goodwill_and_intangible_assets': 6930000000.0, 'investments': 10714000000.0, 'non_current_investments': 0.0, 'tax_assets': 806000000.0, 'total_liabilities': 11898000000.0, 'current_liabilities': 3925000000.0, 'current_debt': 999000000.0, 'trade_and_non_trade_payables': 1149000000.0, 'deferred_revenue': 0.0, 'deposit_liabilities': 0.0, 'non_current_liabilities': 7973000000.0, 'non_current_debt': 6598000000.0, 'tax_liabilities': 0.0, 'shareholders_equity': 16893000000.0, 'retained_earnings': 18908000000.0, 'accumulated_other_comprehensive_income': 19000000.0, 'outstanding_shares': 24760000000.0, 'total_debt': 7597000000.0}, {'ticker': 'NVDA', 'calendar_date': '2019-12-31', 'report_period': '2020-01-26', 'period': 'annual', 'currency': 'USD', 'total_assets': 17315000000.0, 'current_assets': 13690000000.0, 'cash_and_equivalents': 10896000000.0, 'inventory': 979000000.0, 'current_investments': 1000000.0, 'trade_and_non_trade_receivables': 1657000000.0, 'non_current_assets': 3625000000.0, 'property_plant_and_equipment': 2292000000.0, 'goodwill_and_intangible_assets': 667000000.0, 'investments': 1000000.0, 'non_current_investments': 0.0, 'tax_assets': 548000000.0, 'total_liabilities': 5111000000.0, 'current_liabilities': 1784000000.0, 'current_debt': 0.0, 'trade_and_non_trade_payables': 687000000.0, 'deferred_revenue': 0.0, 'deposit_liabilities': 0.0, 'non_current_liabilities': 3327000000.0, 'non_current_debt': 2552000000.0, 'tax_liabilities': 0.0, 'shareholders_equity': 12204000000.0, 'retained_earnings': 14971000000.0, 'accumulated_other_comprehensive_income': 1000000.0, 'outstanding_shares': 24480000000.0, 'total_debt': 2552000000.0}, {'ticker': 'NVDA', 'calendar_date': '2018-12-31', 'report_period': '2019-01-27', 'period': 'annual', 'currency': 'USD', 'total_assets': 13292000000.0, 'current_assets': 10557000000.0, 'cash_and_equivalents': 782000000.0, 'inventory': 1575000000.0, 'current_investments': 6640000000.0, 'trade_and_non_trade_receivables': 1424000000.0, 'non_current_assets': 2735000000.0, 'property_plant_and_equipment': 1404000000.0, 'goodwill_and_intangible_assets': 663000000.0, 'investments': 6640000000.0, 'non_current_investments': 0.0, 'tax_assets': 560000000.0, 'total_liabilities': 3950000000.0, 'current_liabilities': 1329000000.0, 'current_debt': 0.0, 'trade_and_non_trade_payables': 511000000.0, 'deferred_revenue': 0.0, 'deposit_liabilities': 0.0, 'non_current_liabilities': 2621000000.0, 'non_current_debt': 1988000000.0, 'tax_liabilities': 0.0, 'shareholders_equity': 9342000000.0, 'retained_earnings': 12565000000.0, 'accumulated_other_comprehensive_income': -12000000.0, 'outstanding_shares': 24400000000.0, 'total_debt': 1988000000.0}, {'ticker': 'NVDA', 'calendar_date': '2017-12-31', 'report_period': '2018-01-28', 'period': 'annual', 'currency': 'USD', 'total_assets': 11241000000.0, 'current_assets': 9255000000.0, 'cash_and_equivalents': 4002000000.0, 'inventory': 796000000.0, 'current_investments': 3106000000.0, 'trade_and_non_trade_receivables': 1265000000.0, 'non_current_assets': 1986000000.0, 'property_plant_and_equipment': 997000000.0, 'goodwill_and_intangible_assets': 670000000.0, 'investments': 3106000000.0, 'non_current_investments': 0.0, 'tax_assets': 0.0, 'total_liabilities': 3770000000.0, 'current_liabilities': 1153000000.0, 'current_debt': 15000000.0, 'trade_and_non_trade_payables': 596000000.0, 'deferred_revenue': 0.0, 'deposit_liabilities': 0.0, 'non_current_liabilities': 2617000000.0, 'non_current_debt': 1985000000.0, 'tax_liabilities': 0.0, 'shareholders_equity': 7471000000.0, 'retained_earnings': 8787000000.0, 'accumulated_other_comprehensive_income': -18000000.0, 'outstanding_shares': 24240000000.0, 'total_debt': 2000000000.0}, {'ticker': 'NVDA', 'calendar_date': '2016-12-31', 'report_period': '2017-01-29', 'period': 'annual', 'currency': 'USD', 'total_assets': 9841000000.0, 'current_assets': 8536000000.0, 'cash_and_equivalents': 1766000000.0, 'inventory': 794000000.0, 'current_investments': 5032000000.0, 'trade_and_non_trade_receivables': 826000000.0, 'non_current_assets': 1305000000.0, 'property_plant_and_equipment': 521000000.0, 'goodwill_and_intangible_assets': 722000000.0, 'investments': 5032000000.0, 'non_current_investments': 0.0, 'tax_assets': 0.0, 'total_liabilities': 4048000000.0, 'current_liabilities': 1788000000.0, 'current_debt': 796000000.0, 'trade_and_non_trade_payables': 485000000.0, 'deferred_revenue': 0.0, 'deposit_liabilities': 0.0, 'non_current_liabilities': 2260000000.0, 'non_current_debt': 2014000000.0, 'tax_liabilities': 0.0, 'shareholders_equity': 5762000000.0, 'retained_earnings': 6108000000.0, 'accumulated_other_comprehensive_income': -16000000.0, 'outstanding_shares': 21560000000.0, 'total_debt': 2810000000.0}, {'ticker': 'NVDA', 'calendar_date': '2015-12-31', 'report_period': '2016-01-31', 'period': 'annual', 'currency': 'USD', 'total_assets': 7370000000.0, 'current_assets': 6053000000.0, 'cash_and_equivalents': 596000000.0, 'inventory': 418000000.0, 'current_investments': 4441000000.0, 'trade_and_non_trade_receivables': 505000000.0, 'non_current_assets': 1317000000.0, 'property_plant_and_equipment': 466000000.0, 'goodwill_and_intangible_assets': 784000000.0, 'investments': 4441000000.0, 'non_current_investments': 0.0, 'tax_assets': 0.0, 'total_liabilities': 2814000000.0, 'current_liabilities': 2351000000.0, 'current_debt': 1413000000.0, 'trade_and_non_trade_payables': 296000000.0, 'deferred_revenue': 0.0, 'deposit_liabilities': 0.0, 'non_current_liabilities': 463000000.0, 'non_current_debt': 97000000.0, 'tax_liabilities': 0.0, 'shareholders_equity': 4469000000.0, 'retained_earnings': 4350000000.0, 'accumulated_other_comprehensive_income': -4000000.0, 'outstanding_shares': 21520000000.0, 'total_debt': 1510000000.0}, {'ticker': 'NVDA', 'calendar_date': '2014-12-31', 'report_period': '2015-01-25', 'period': 'annual', 'currency': 'USD', 'total_assets': 7201000000.0, 'current_assets': 5713000000.0, 'cash_and_equivalents': 497000000.0, 'inventory': 483000000.0, 'current_investments': 4126000000.0, 'trade_and_non_trade_receivables': 474000000.0, 'non_current_assets': 1488000000.0, 'property_plant_and_equipment': 557000000.0, 'goodwill_and_intangible_assets': 840000000.0, 'investments': 4126000000.0, 'non_current_investments': 0.0, 'tax_assets': 63000000.0, 'total_liabilities': 2783000000.0, 'current_liabilities': 896000000.0, 'current_debt': 0.0, 'trade_and_non_trade_payables': 293000000.0, 'deferred_revenue': 0.0, 'deposit_liabilities': 0.0, 'non_current_liabilities': 1887000000.0, 'non_current_debt': 1398000000.0, 'tax_liabilities': 0.0, 'shareholders_equity': 4418000000.0, 'retained_earnings': 3949000000.0, 'accumulated_other_comprehensive_income': 8000000.0, 'outstanding_shares': 21741476040.0, 'total_debt': 1398000000.0}, {'ticker': 'NVDA', 'calendar_date': '2013-12-31', 'report_period': '2014-01-26', 'period': 'annual', 'currency': 'USD', 'total_assets': 7250894000.0, 'current_assets': 5624711000.0, 'cash_and_equivalents': 1151587000.0, 'inventory': 387765000.0, 'current_investments': 3520223000.0, 'trade_and_non_trade_receivables': 426357000.0, 'non_current_assets': 1626183000.0, 'property_plant_and_equipment': 582740000.0, 'goodwill_and_intangible_assets': 939191000.0, 'investments': 3520223000.0, 'non_current_investments': 0.0, 'tax_assets': 68494000.0, 'total_liabilities': 2794496000.0, 'current_liabilities': 945496000.0, 'current_debt': 0.0, 'trade_and_non_trade_payables': 324391000.0, 'deferred_revenue': 0.0, 'deposit_liabilities': 0.0, 'non_current_liabilities': 1849000000.0, 'non_current_debt': 1373875000.0, 'tax_liabilities': 0.0, 'shareholders_equity': 4456398000.0, 'retained_earnings': 3504742000.0, 'accumulated_other_comprehensive_income': 4877000.0, 'outstanding_shares': 22741424520.0, 'total_debt': 1373875000.0}, {'ticker': 'NVDA', 'calendar_date': '2012-12-31', 'report_period': '2013-01-27', 'period': 'annual', 'currency': 'USD', 'total_assets': 6412245000.0, 'current_assets': 4775258000.0, 'cash_and_equivalents': 732786000.0, 'inventory': 412467000.0, 'current_investments': 2995097000.0, 'trade_and_non_trade_receivables': 454252000.0, 'non_current_assets': 1636987000.0, 'property_plant_and_equipment': 576144000.0, 'goodwill_and_intangible_assets': 953362000.0, 'investments': 2995097000.0, 'non_current_investments': 0.0, 'tax_assets': 103736000.0, 'total_liabilities': 1584542000.0, 'current_liabilities': 976223000.0, 'current_debt': 0.0, 'trade_and_non_trade_payables': 356428000.0, 'deferred_revenue': 0.0, 'deposit_liabilities': 0.0, 'non_current_liabilities': 608319000.0, 'non_current_debt': 18998000.0, 'tax_liabilities': 0.0, 'shareholders_equity': 4827703000.0, 'retained_earnings': 3246088000.0, 'accumulated_other_comprehensive_income': 9981000.0, 'outstanding_shares': 24994031920.0, 'total_debt': 18998000.0}, {'ticker': 'NVDA', 'calendar_date': '2011-12-31', 'report_period': '2012-01-29', 'period': 'annual', 'currency': 'USD', 'total_assets': 5552928000.0, 'current_assets': 3905358000.0, 'cash_and_equivalents': 667876000.0, 'inventory': 340297000.0, 'current_investments': 2461700000.0, 'trade_and_non_trade_receivables': 336143000.0, 'non_current_assets': 1647570000.0, 'property_plant_and_equipment': 560072000.0, 'goodwill_and_intangible_assets': 967166000.0, 'investments': 2461700000.0, 'non_current_investments': 0.0, 'tax_assets': 49931000.0, 'total_liabilities': 1407204000.0, 'current_liabilities': 929958000.0, 'current_debt': 0.0, 'trade_and_non_trade_payables': 335072000.0, 'deferred_revenue': 0.0, 'deposit_liabilities': 0.0, 'non_current_liabilities': 477246000.0, 'non_current_debt': 21439000.0, 'tax_liabilities': 0.0, 'shareholders_equity': 4145724000.0, 'retained_earnings': 2730418000.0, 'accumulated_other_comprehensive_income': 10614000.0, 'outstanding_shares': 24426137440.0, 'total_debt': 21439000.0}, {'ticker': 'NVDA', 'calendar_date': '2010-12-31', 'report_period': '2011-01-30', 'period': 'annual', 'currency': 'USD', 'total_assets': 4495246000.0, 'current_assets': 3226950000.0, 'cash_and_equivalents': 665361000.0, 'inventory': 345525000.0, 'current_investments': 1825202000.0, 'trade_and_non_trade_receivables': 348770000.0, 'non_current_assets': 1268296000.0, 'property_plant_and_equipment': 568857000.0, 'goodwill_and_intangible_assets': 658589000.0, 'investments': 1825202000.0, 'non_current_investments': 0.0, 'tax_assets': 9456000.0, 'total_liabilities': 1313784000.0, 'current_liabilities': 942682000.0, 'current_debt': 0.0, 'trade_and_non_trade_payables': 286138000.0, 'deferred_revenue': 0.0, 'deposit_liabilities': 0.0, 'non_current_liabilities': 371102000.0, 'non_current_debt': 23389000.0, 'tax_liabilities': 0.0, 'shareholders_equity': 3181462000.0, 'retained_earnings': 2149328000.0, 'accumulated_other_comprehensive_income': 10272000.0, 'outstanding_shares': 23240000000.0, 'total_debt': 23389000.0}, {'ticker': 'NVDA', 'calendar_date': '2009-12-31', 'report_period': '2010-01-31', 'period': 'annual', 'currency': 'USD', 'total_assets': 3585918000.0, 'current_assets': 2480830000.0, 'cash_and_equivalents': 447221000.0, 'inventory': 330674000.0, 'current_investments': 1281006000.0, 'trade_and_non_trade_receivables': 374963000.0, 'non_current_assets': 1105088000.0, 'property_plant_and_equipment': 571858000.0, 'goodwill_and_intangible_assets': 490302000.0, 'investments': 1281006000.0, 'non_current_investments': 0.0, 'tax_assets': 8752000.0, 'total_liabilities': 920778000.0, 'current_liabilities': 784378000.0, 'current_debt': 0.0, 'trade_and_non_trade_payables': 344527000.0, 'deferred_revenue': 0.0, 'deposit_liabilities': 0.0, 'non_current_liabilities': 136400000.0, 'non_current_debt': 24450000.0, 'tax_liabilities': 0.0, 'shareholders_equity': 2665140000.0, 'retained_earnings': 1896182000.0, 'accumulated_other_comprehensive_income': 12172000.0, 'outstanding_shares': 22196000000.0, 'total_debt': 24450000.0}, {'ticker': 'NVDA', 'calendar_date': '2008-12-31', 'report_period': '2009-01-25', 'period': 'annual', 'currency': 'USD', 'total_assets': 3350727000.0, 'current_assets': 2167958000.0, 'cash_and_equivalents': 417688000.0, 'inventory': 537834000.0, 'current_investments': 837702000.0, 'trade_and_non_trade_receivables': 318435000.0, 'non_current_assets': 1182769000.0, 'property_plant_and_equipment': 625798000.0, 'goodwill_and_intangible_assets': 516945000.0, 'investments': 837702000.0, 'non_current_investments': 0.0, 'tax_assets': 16505000.0, 'total_liabilities': 956075000.0, 'current_liabilities': 778591000.0, 'current_debt': 0.0, 'trade_and_non_trade_payables': 218864000.0, 'deferred_revenue': 0.0, 'deposit_liabilities': 0.0, 'non_current_liabilities': 177484000.0, 'non_current_debt': 25634000.0, 'tax_liabilities': 0.0, 'shareholders_equity': 2394652000.0, 'retained_earnings': 1964169000.0, 'accumulated_other_comprehensive_income': 3865000.0, 'outstanding_shares': 21482523360.0, 'total_debt': 25634000.0}, {'ticker': 'NVDA', 'calendar_date': '2007-12-31', 'report_period': '2008-01-27', 'period': 'annual', 'currency': 'USD', 'total_assets': 3747671000.0, 'current_assets': 2888829000.0, 'cash_and_equivalents': 726969000.0, 'inventory': 358521000.0, 'current_investments': 1082509000.0, 'trade_and_non_trade_receivables': 666494000.0, 'non_current_assets': 858842000.0, 'property_plant_and_equipment': 359808000.0, 'goodwill_and_intangible_assets': 460983000.0, 'investments': 1082509000.0, 'non_current_investments': 0.0, 'tax_assets': 11268000.0, 'total_liabilities': 1129759000.0, 'current_liabilities': 967161000.0, 'current_debt': 0.0, 'trade_and_non_trade_payables': 492099000.0, 'deferred_revenue': 0.0, 'deposit_liabilities': 0.0, 'non_current_liabilities': 162598000.0, 'non_current_debt': 0.0, 'tax_liabilities': 0.0, 'shareholders_equity': 2617912000.0, 'retained_earnings': 1994210000.0, 'accumulated_other_comprehensive_income': 8034000.0, 'outstanding_shares': 22222858080.0, 'total_debt': 0.0}, {'ticker': 'NVDA', 'calendar_date': '2006-12-31', 'report_period': '2007-01-28', 'period': 'annual', 'currency': 'USD', 'total_assets': 2675263000.0, 'current_assets': 2031770000.0, 'cash_and_equivalents': 544414000.0, 'inventory': 354680000.0, 'current_investments': 573436000.0, 'trade_and_non_trade_receivables': 518680000.0, 'non_current_assets': 643493000.0, 'property_plant_and_equipment': 260828000.0, 'goodwill_and_intangible_assets': 346936000.0, 'investments': 573436000.0, 'non_current_investments': 0.0, 'tax_assets': 16799000.0, 'total_liabilities': 668344000.0, 'current_liabilities': 638807000.0, 'current_debt': 0.0, 'trade_and_non_trade_payables': 272075000.0, 'deferred_revenue': 0.0, 'deposit_liabilities': 0.0, 'non_current_liabilities': 29537000.0, 'non_current_debt': 0.0, 'tax_liabilities': 0.0, 'shareholders_equity': 2006919000.0, 'retained_earnings': 1196565000.0, 'accumulated_other_comprehensive_income': 1436000.0, 'outstanding_shares': 21332699340.0, 'total_debt': 0.0}, {'ticker': 'NVDA', 'calendar_date': '2005-12-31', 'report_period': '2006-01-29', 'period': 'annual', 'currency': 'USD', 'total_assets': 1954687000.0, 'current_assets': 1550299000.0, 'cash_and_equivalents': 551756000.0, 'inventory': 254870000.0, 'current_investments': 398418000.0, 'trade_and_non_trade_receivables': 318186000.0, 'non_current_assets': 404388000.0, 'property_plant_and_equipment': 178152000.0, 'goodwill_and_intangible_assets': 160738000.0, 'investments': 398418000.0, 'non_current_investments': 0.0, 'tax_assets': 40703000.0, 'total_liabilities': 458695000.0, 'current_liabilities': 438659000.0, 'current_debt': 0.0, 'trade_and_non_trade_payables': 179395000.0, 'deferred_revenue': 0.0, 'deposit_liabilities': 0.0, 'non_current_liabilities': 20036000.0, 'non_current_debt': 0.0, 'tax_liabilities': 0.0, 'shareholders_equity': 1495992000.0, 'retained_earnings': 747731000.0, 'accumulated_other_comprehensive_income': -1957000.0, 'outstanding_shares': 20541146520.0, 'total_debt': 0.0}, {'ticker': 'NVDA', 'calendar_date': '2004-12-31', 'report_period': '2005-01-30', 'period': 'annual', 'currency': 'USD', 'total_assets': 1663551000.0, 'current_assets': 1306906000.0, 'cash_and_equivalents': 208512000.0, 'inventory': 315786000.0, 'current_investments': 461533000.0, 'trade_and_non_trade_receivables': 296279000.0, 'non_current_assets': 356645000.0, 'property_plant_and_equipment': 178955000.0, 'goodwill_and_intangible_assets': 135621000.0, 'investments': 461533000.0, 'non_current_investments': 0.0, 'tax_assets': 38012000.0, 'total_liabilities': 442460000.0, 'current_liabilities': 421156000.0, 'current_debt': 856000.0, 'trade_and_non_trade_payables': 238223000.0, 'deferred_revenue': 0.0, 'deposit_liabilities': 0.0, 'non_current_liabilities': 21304000.0, 'non_current_debt': 0.0, 'tax_liabilities': 0.0, 'shareholders_equity': 1221091000.0, 'retained_earnings': 446555000.0, 'accumulated_other_comprehensive_income': -3463000.0, 'outstanding_shares': 19945548720.0, 'total_debt': 856000.0}, {'ticker': 'NVDA', 'calendar_date': '2003-12-31', 'report_period': '2004-01-25', 'period': 'annual', 'currency': 'USD', 'total_assets': 1399344000.0, 'current_assets': 1052712000.0, 'cash_and_equivalents': 214422000.0, 'inventory': 234238000.0, 'current_investments': 389621000.0, 'trade_and_non_trade_receivables': 196631000.0, 'non_current_assets': 346632000.0, 'property_plant_and_equipment': 190029000.0, 'goodwill_and_intangible_assets': 148872000.0, 'investments': 389621000.0, 'non_current_investments': 0.0, 'tax_assets': 3261000.0, 'total_liabilities': 348159000.0, 'current_liabilities': 334112000.0, 'current_debt': 4015000.0, 'trade_and_non_trade_payables': 185342000.0, 'deferred_revenue': 0.0, 'deposit_liabilities': 0.0, 'non_current_liabilities': 14047000.0, 'non_current_debt': 856000.0, 'tax_liabilities': 8609000.0, 'shareholders_equity': 1051185000.0, 'retained_earnings': 472158000.0, 'accumulated_other_comprehensive_income': 850000.0, 'outstanding_shares': 19460730120.0, 'total_debt': 4871000.0}, {'ticker': 'NVDA', 'calendar_date': '2002-12-31', 'report_period': '2003-01-26', 'period': 'annual', 'currency': 'USD', 'total_assets': 1617015000.0, 'current_assets': 1351602000.0, 'cash_and_equivalents': 346994000.0, 'inventory': 145046000.0, 'current_investments': 681419000.0, 'trade_and_non_trade_receivables': 154501000.0, 'non_current_assets': 265413000.0, 'property_plant_and_equipment': 135152000.0, 'goodwill_and_intangible_assets': 76471000.0, 'investments': 681419000.0, 'non_current_investments': 0.0, 'tax_assets': 54566000.0, 'total_liabilities': 684328000.0, 'current_liabilities': 379448000.0, 'current_debt': 5676000.0, 'trade_and_non_trade_payables': 141129000.0, 'deferred_revenue': 0.0, 'deposit_liabilities': 0.0, 'non_current_liabilities': 304880000.0, 'non_current_debt': 304880000.0, 'tax_liabilities': 0.0, 'shareholders_equity': 932687000.0, 'retained_earnings': 397739000.0, 'accumulated_other_comprehensive_income': 3760000.0, 'outstanding_shares': 18918676920.0, 'total_debt': 310556000.0}, {'ticker': 'NVDA', 'calendar_date': '2001-12-31', 'report_period': '2002-01-27', 'period': 'annual', 'currency': 'USD', 'total_assets': 1503174000.0, 'current_assets': 1234109000.0, 'cash_and_equivalents': 340000000.0, 'inventory': 213877000.0, 'current_investments': 458377000.0, 'trade_and_non_trade_receivables': 147348000.0, 'non_current_assets': 269065000.0, 'property_plant_and_equipment': 120128000.0, 'goodwill_and_intangible_assets': 81119000.0, 'investments': 458377000.0, 'non_current_investments': 0.0, 'tax_assets': 122350000.0, 'total_liabilities': 739355000.0, 'current_liabilities': 433494000.0, 'current_debt': 3896000.0, 'trade_and_non_trade_payables': 214019000.0, 'deferred_revenue': 70193000.0, 'deposit_liabilities': 0.0, 'non_current_liabilities': 305861000.0, 'non_current_debt': 305861000.0, 'tax_liabilities': 0.0, 'shareholders_equity': 763819000.0, 'retained_earnings': 306940000.0, 'accumulated_other_comprehensive_income': 108000.0, 'outstanding_shares': 17348859360.0, 'total_debt': 309757000.0}, {'ticker': 'NVDA', 'calendar_date': '2000-12-31', 'report_period': '2001-01-28', 'period': 'annual', 'currency': 'USD', 'total_assets': 1016902000.0, 'current_assets': 930884000.0, 'cash_and_equivalents': 698775000.0, 'inventory': 90380000.0, 'current_investments': 0.0, 'trade_and_non_trade_receivables': 104988000.0, 'non_current_assets': 86018000.0, 'property_plant_and_equipment': 47280000.0, 'goodwill_and_intangible_assets': 23795000.0, 'investments': 0.0, 'non_current_investments': 0.0, 'tax_assets': 32420000.0, 'total_liabilities': 609795000.0, 'current_liabilities': 309417000.0, 'current_debt': 588000.0, 'trade_and_non_trade_payables': 72301000.0, 'deferred_revenue': 200000000.0, 'deposit_liabilities': 0.0, 'non_current_liabilities': 300378000.0, 'non_current_debt': 300378000.0, 'tax_liabilities': 0.0, 'shareholders_equity': 407107000.0, 'retained_earnings': 130016000.0, 'accumulated_other_comprehensive_income': 0.0, 'outstanding_shares': 16293499440.0, 'total_debt': 300966000.0}, {'ticker': 'NVDA', 'calendar_date': '1999-12-31', 'report_period': '2000-01-30', 'period': 'annual', 'currency': 'USD', 'total_assets': 202250000.0, 'current_assets': 173175000.0, 'cash_and_equivalents': 61560000.0, 'inventory': 37631000.0, 'current_investments': 0.0, 'trade_and_non_trade_receivables': 67224000.0, 'non_current_assets': 29075000.0, 'property_plant_and_equipment': 25886000.0, 'goodwill_and_intangible_assets': 0.0, 'investments': 0.0, 'non_current_investments': 0.0, 'tax_assets': 0.0, 'total_liabilities': 77687000.0, 'current_liabilities': 76225000.0, 'current_debt': 1786000.0, 'trade_and_non_trade_payables': 64910000.0, 'deferred_revenue': 0.0, 'deposit_liabilities': 0.0, 'non_current_liabilities': 1462000.0, 'non_current_debt': 1462000.0, 'tax_liabilities': 0.0, 'shareholders_equity': 124563000.0, 'retained_earnings': 28686000.0, 'accumulated_other_comprehensive_income': 0.0, 'outstanding_shares': 14744350080.0, 'total_debt': 3248000.0}, {'ticker': 'NVDA', 'calendar_date': '1998-12-31', 'report_period': '1999-01-31', 'period': 'annual', 'currency': 'USD', 'total_assets': 113332000.0, 'current_assets': 101112000.0, 'cash_and_equivalents': 50257000.0, 'inventory': 28623000.0, 'current_investments': 0.0, 'trade_and_non_trade_receivables': 20633000.0, 'non_current_assets': 12220000.0, 'property_plant_and_equipment': 11650000.0, 'goodwill_and_intangible_assets': 0.0, 'investments': 0.0, 'non_current_investments': 0.0, 'tax_assets': 0.0, 'total_liabilities': 49123000.0, 'current_liabilities': 47128000.0, 'current_debt': 6386000.0, 'trade_and_non_trade_payables': 35730000.0, 'deferred_revenue': 0.0, 'deposit_liabilities': 0.0, 'non_current_liabilities': 1995000.0, 'non_current_debt': 1995000.0, 'tax_liabilities': 0.0, 'shareholders_equity': 64209000.0, 'retained_earnings': -9412000.0, 'accumulated_other_comprehensive_income': 0.0, 'outstanding_shares': 13726068480.0, 'total_debt': 8381000.0}, {'ticker': 'NVDA', 'calendar_date': '1997-12-31', 'report_period': '1997-12-31', 'period': 'annual', 'currency': 'USD', 'total_assets': 25039000.0, 'current_assets': 19341000.0, 'cash_and_equivalents': 6551000.0, 'inventory': 25000.0, 'current_investments': 0.0, 'trade_and_non_trade_receivables': 12487000.0, 'non_current_assets': 5698000.0, 'property_plant_and_equipment': 5536000.0, 'goodwill_and_intangible_assets': 0.0, 'investments': 0.0, 'non_current_investments': 0.0, 'tax_assets': 0.0, 'total_liabilities': 18142000.0, 'current_liabilities': 16251000.0, 'current_debt': 1434000.0, 'trade_and_non_trade_payables': 11572000.0, 'deferred_revenue': 0.0, 'deposit_liabilities': 0.0, 'non_current_liabilities': 1891000.0, 'non_current_debt': 1891000.0, 'tax_liabilities': 0.0, 'shareholders_equity': 6897000.0, 'retained_earnings': -14889000.0, 'accumulated_other_comprehensive_income': 0.0, 'outstanding_shares': None, 'total_debt': 3325000.0}, {'ticker': 'NVDA', 'calendar_date': '1996-12-31', 'report_period': '1996-12-31', 'period': 'annual', 'currency': 'USD', 'total_assets': 5525000.0, 'current_assets': 4278000.0, 'cash_and_equivalents': 3133000.0, 'inventory': 63000.0, 'current_investments': 0.0, 'trade_and_non_trade_receivables': 1041000.0, 'non_current_assets': 1247000.0, 'property_plant_and_equipment': 1144000.0, 'goodwill_and_intangible_assets': 0.0, 'investments': 0.0, 'non_current_investments': 0.0, 'tax_assets': 0.0, 'total_liabilities': 4488000.0, 'current_liabilities': 3871000.0, 'current_debt': 722000.0, 'trade_and_non_trade_payables': 277000.0, 'deferred_revenue': 0.0, 'deposit_liabilities': 0.0, 'non_current_liabilities': 617000.0, 'non_current_debt': 617000.0, 'tax_liabilities': 0.0, 'shareholders_equity': 1037000.0, 'retained_earnings': -11300000.0, 'accumulated_other_comprehensive_income': 0.0, 'outstanding_shares': None, 'total_debt': 1339000.0}, {'ticker': 'NVDA', 'calendar_date': '1995-12-31', 'report_period': '1995-12-31', 'period': 'annual', 'currency': 'USD', 'total_assets': None, 'current_assets': None, 'cash_and_equivalents': None, 'inventory': None, 'current_investments': None, 'trade_and_non_trade_receivables': None, 'non_current_assets': None, 'property_plant_and_equipment': None, 'goodwill_and_intangible_assets': None, 'investments': None, 'non_current_investments': None, 'tax_assets': None, 'total_liabilities': None, 'current_liabilities': None, 'current_debt': None, 'trade_and_non_trade_payables': None, 'deferred_revenue': None, 'deposit_liabilities': None, 'non_current_liabilities': None, 'non_current_debt': None, 'tax_liabilities': None, 'shareholders_equity': None, 'retained_earnings': None, 'accumulated_other_comprehensive_income': None, 'outstanding_shares': None, 'total_debt': None}]
-------------------------
[{'ticker': 'NVDA', 'calendar_date': '2023-12-31', 'report_period': '2024-01-28', 'period': 'annual', 'currency': 'USD', 'net_income': 29760000000.0, 'depreciation_and_amortization': 1508000000.0, 'share_based_compensation': 3549000000.0, 'net_cash_flow_from_operations': 28090000000.0, 'net_cash_flow_from_investing': -10566000000.0, 'capital_expenditure': -1069000000.0, 'property_plant_and_equipment': -415000000.0, 'business_acquisitions_and_disposals': -1068000000.0, 'investment_acquisitions_and_disposals': -8429000000.0, 'net_cash_flow_from_financing': -13633000000.0, 'issuance_or_repayment_of_debt_securities': -1324000000.0, 'issuance_or_purchase_of_equity_shares': -9130000000.0, 'dividends_and_other_cash_distributions': -395000000.0, 'change_in_cash_and_equivalents': 3891000000.0, 'effect_of_exchange_rate_changes': 0.0, 'ending_cash_balance': 7280000000.0, 'free_cash_flow': 27021000000.0}, {'ticker': 'NVDA', 'calendar_date': '2022-12-31', 'report_period': '2023-01-29', 'period': 'annual', 'currency': 'USD', 'net_income': 4368000000.0, 'depreciation_and_amortization': 1544000000.0, 'share_based_compensation': 2709000000.0, 'net_cash_flow_from_operations': 5641000000.0, 'net_cash_flow_from_investing': 7375000000.0, 'capital_expenditure': -1833000000.0, 'property_plant_and_equipment': -1238000000.0, 'business_acquisitions_and_disposals': -126000000.0, 'investment_acquisitions_and_disposals': 9334000000.0, 'net_cash_flow_from_financing': -11617000000.0, 'issuance_or_repayment_of_debt_securities': -58000000.0, 'issuance_or_purchase_of_equity_shares': -9684000000.0, 'dividends_and_other_cash_distributions': -398000000.0, 'change_in_cash_and_equivalents': 1399000000.0, 'effect_of_exchange_rate_changes': 0.0, 'ending_cash_balance': 3389000000.0, 'free_cash_flow': 3808000000.0}, {'ticker': 'NVDA', 'calendar_date': '2021-12-31', 'report_period': '2022-01-30', 'period': 'annual', 'currency': 'USD', 'net_income': 9752000000.0, 'depreciation_and_amortization': 1174000000.0, 'share_based_compensation': 2004000000.0, 'net_cash_flow_from_operations': 9108000000.0, 'net_cash_flow_from_investing': -9830000000.0, 'capital_expenditure': -976000000.0, 'property_plant_and_equipment': -751000000.0, 'business_acquisitions_and_disposals': -287000000.0, 'investment_acquisitions_and_disposals': -8567000000.0, 'net_cash_flow_from_financing': 1865000000.0, 'issuance_or_repayment_of_debt_securities': 3894000000.0, 'issuance_or_purchase_of_equity_shares': 281000000.0, 'dividends_and_other_cash_distributions': -399000000.0, 'change_in_cash_and_equivalents': 1143000000.0, 'effect_of_exchange_rate_changes': 0.0, 'ending_cash_balance': 1990000000.0, 'free_cash_flow': 8132000000.0}, {'ticker': 'NVDA', 'calendar_date': '2020-12-31', 'report_period': '2021-01-31', 'period': 'annual', 'currency': 'USD', 'net_income': 4332000000.0, 'depreciation_and_amortization': 1098000000.0, 'share_based_compensation': 1397000000.0, 'net_cash_flow_from_operations': 5822000000.0, 'net_cash_flow_from_investing': -19675000000.0, 'capital_expenditure': -1128000000.0, 'property_plant_and_equipment': -564000000.0, 'business_acquisitions_and_disposals': -8524000000.0, 'investment_acquisitions_and_disposals': -10023000000.0, 'net_cash_flow_from_financing': 3804000000.0, 'issuance_or_repayment_of_debt_securities': 4951000000.0, 'issuance_or_purchase_of_equity_shares': 194000000.0, 'dividends_and_other_cash_distributions': -395000000.0, 'change_in_cash_and_equivalents': -10049000000.0, 'effect_of_exchange_rate_changes': 0.0, 'ending_cash_balance': 847000000.0, 'free_cash_flow': 4694000000.0}, {'ticker': 'NVDA', 'calendar_date': '2019-12-31', 'report_period': '2020-01-26', 'period': 'annual', 'currency': 'USD', 'net_income': 2796000000.0, 'depreciation_and_amortization': 381000000.0, 'share_based_compensation': 844000000.0, 'net_cash_flow_from_operations': 4761000000.0, 'net_cash_flow_from_investing': 6145000000.0, 'capital_expenditure': -489000000.0, 'property_plant_and_equipment': -888000000.0, 'business_acquisitions_and_disposals': -4000000.0, 'investment_acquisitions_and_disposals': 6638000000.0, 'net_cash_flow_from_financing': -792000000.0, 'issuance_or_repayment_of_debt_securities': 0.0, 'issuance_or_purchase_of_equity_shares': 149000000.0, 'dividends_and_other_cash_distributions': -390000000.0, 'change_in_cash_and_equivalents': 10114000000.0, 'effect_of_exchange_rate_changes': 0.0, 'ending_cash_balance': 10896000000.0, 'free_cash_flow': 4272000000.0}, {'ticker': 'NVDA', 'calendar_date': '2018-12-31', 'report_period': '2019-01-27', 'period': 'annual', 'currency': 'USD', 'net_income': 4141000000.0, 'depreciation_and_amortization': 262000000.0, 'share_based_compensation': 557000000.0, 'net_cash_flow_from_operations': 3743000000.0, 'net_cash_flow_from_investing': -4097000000.0, 'capital_expenditure': -600000000.0, 'property_plant_and_equipment': -407000000.0, 'business_acquisitions_and_disposals': 0.0, 'investment_acquisitions_and_disposals': -3497000000.0, 'net_cash_flow_from_financing': -2866000000.0, 'issuance_or_repayment_of_debt_securities': -16000000.0, 'issuance_or_purchase_of_equity_shares': -1442000000.0, 'dividends_and_other_cash_distributions': -371000000.0, 'change_in_cash_and_equivalents': -3220000000.0, 'effect_of_exchange_rate_changes': 0.0, 'ending_cash_balance': 782000000.0, 'free_cash_flow': 3143000000.0}, {'ticker': 'NVDA', 'calendar_date': '2017-12-31', 'report_period': '2018-01-28', 'period': 'annual', 'currency': 'USD', 'net_income': 3047000000.0, 'depreciation_and_amortization': 199000000.0, 'share_based_compensation': 391000000.0, 'net_cash_flow_from_operations': 3502000000.0, 'net_cash_flow_from_investing': 1278000000.0, 'capital_expenditure': -591000000.0, 'property_plant_and_equipment': -476000000.0, 'business_acquisitions_and_disposals': 0.0, 'investment_acquisitions_and_disposals': 1869000000.0, 'net_cash_flow_from_financing': -2544000000.0, 'issuance_or_repayment_of_debt_securities': -812000000.0, 'issuance_or_purchase_of_equity_shares': -770000000.0, 'dividends_and_other_cash_distributions': -341000000.0, 'change_in_cash_and_equivalents': 2236000000.0, 'effect_of_exchange_rate_changes': 0.0, 'ending_cash_balance': 4002000000.0, 'free_cash_flow': 2911000000.0}, {'ticker': 'NVDA', 'calendar_date': '2016-12-31', 'report_period': '2017-01-29', 'period': 'annual', 'currency': 'USD', 'net_income': 1666000000.0, 'depreciation_and_amortization': 187000000.0, 'share_based_compensation': 247000000.0, 'net_cash_flow_from_operations': 1672000000.0, 'net_cash_flow_from_investing': -793000000.0, 'capital_expenditure': -169000000.0, 'property_plant_and_equipment': -55000000.0, 'business_acquisitions_and_disposals': 0.0, 'investment_acquisitions_and_disposals': -624000000.0, 'net_cash_flow_from_financing': 291000000.0, 'issuance_or_repayment_of_debt_securities': 1315000000.0, 'issuance_or_purchase_of_equity_shares': -572000000.0, 'dividends_and_other_cash_distributions': -261000000.0, 'change_in_cash_and_equivalents': 1170000000.0, 'effect_of_exchange_rate_changes': 0.0, 'ending_cash_balance': 1766000000.0, 'free_cash_flow': 1503000000.0}, {'ticker': 'NVDA', 'calendar_date': '2015-12-31', 'report_period': '2016-01-31', 'period': 'annual', 'currency': 'USD', 'net_income': 614000000.0, 'depreciation_and_amortization': 197000000.0, 'share_based_compensation': 194000000.0, 'net_cash_flow_from_operations': 1175000000.0, 'net_cash_flow_from_investing': -400000000.0, 'capital_expenditure': -79000000.0, 'property_plant_and_equipment': 91000000.0, 'business_acquisitions_and_disposals': 0.0, 'investment_acquisitions_and_disposals': -345000000.0, 'net_cash_flow_from_financing': -676000000.0, 'issuance_or_repayment_of_debt_securities': 0.0, 'issuance_or_purchase_of_equity_shares': -401000000.0, 'dividends_and_other_cash_distributions': -213000000.0, 'change_in_cash_and_equivalents': 99000000.0, 'effect_of_exchange_rate_changes': 0.0, 'ending_cash_balance': 596000000.0, 'free_cash_flow': 1096000000.0}, {'ticker': 'NVDA', 'calendar_date': '2014-12-31', 'report_period': '2015-01-25', 'period': 'annual', 'currency': 'USD', 'net_income': 631000000.0, 'depreciation_and_amortization': 220000000.0, 'share_based_compensation': 140000000.0, 'net_cash_flow_from_operations': 906000000.0, 'net_cash_flow_from_investing': -727000000.0, 'capital_expenditure': -101000000.0, 'property_plant_and_equipment': 25740000.0, 'business_acquisitions_and_disposals': 0.0, 'investment_acquisitions_and_disposals': -625000000.0, 'net_cash_flow_from_financing': -834000000.0, 'issuance_or_repayment_of_debt_securities': 0.0, 'issuance_or_purchase_of_equity_shares': -814000000.0, 'dividends_and_other_cash_distributions': -186000000.0, 'change_in_cash_and_equivalents': -655000000.0, 'effect_of_exchange_rate_changes': 0.0, 'ending_cash_balance': 497000000.0, 'free_cash_flow': 805000000.0}, {'ticker': 'NVDA', 'calendar_date': '2013-12-31', 'report_period': '2014-01-26', 'period': 'annual', 'currency': 'USD', 'net_income': 440000000.0, 'depreciation_and_amortization': 239000000.0, 'share_based_compensation': 110000000.0, 'net_cash_flow_from_operations': 835000000.0, 'net_cash_flow_from_investing': -806000000.0, 'capital_expenditure': -230000000.0, 'property_plant_and_equipment': -6596000.0, 'business_acquisitions_and_disposals': -17000000.0, 'investment_acquisitions_and_disposals': -554000000.0, 'net_cash_flow_from_financing': 390000000.0, 'issuance_or_repayment_of_debt_securities': 1476000000.0, 'issuance_or_purchase_of_equity_shares': -759000000.0, 'dividends_and_other_cash_distributions': -181000000.0, 'change_in_cash_and_equivalents': 419000000.0, 'effect_of_exchange_rate_changes': 0.0, 'ending_cash_balance': 1151587000.0, 'free_cash_flow': 605000000.0}, {'ticker': 'NVDA', 'calendar_date': '2012-12-31', 'report_period': '2013-01-27', 'period': 'annual', 'currency': 'USD', 'net_income': 562536000.0, 'depreciation_and_amortization': 226235000.0, 'share_based_compensation': 67952000.0, 'net_cash_flow_from_operations': 824172000.0, 'net_cash_flow_from_investing': -743992000.0, 'capital_expenditure': -183309000.0, 'property_plant_and_equipment': -16072000.0, 'business_acquisitions_and_disposals': 0.0, 'investment_acquisitions_and_disposals': -561035000.0, 'net_cash_flow_from_financing': -15270000.0, 'issuance_or_repayment_of_debt_securities': -2049000.0, 'issuance_or_purchase_of_equity_shares': -35065000.0, 'dividends_and_other_cash_distributions': -46866000.0, 'change_in_cash_and_equivalents': 64910000.0, 'effect_of_exchange_rate_changes': 0.0, 'ending_cash_balance': 732786000.0, 'free_cash_flow': 640863000.0}, {'ticker': 'NVDA', 'calendar_date': '2011-12-31', 'report_period': '2012-01-29', 'period': 'annual', 'currency': 'USD', 'net_income': 581090000.0, 'depreciation_and_amortization': 204205000.0, 'share_based_compensation': 83561000.0, 'net_cash_flow_from_operations': 909156000.0, 'net_cash_flow_from_investing': -1143364000.0, 'capital_expenditure': -138735000.0, 'property_plant_and_equipment': 8785000.0, 'business_acquisitions_and_disposals': -348884000.0, 'investment_acquisitions_and_disposals': -654155000.0, 'net_cash_flow_from_financing': 236723000.0, 'issuance_or_repayment_of_debt_securities': -1608000.0, 'issuance_or_purchase_of_equity_shares': 195857000.0, 'dividends_and_other_cash_distributions': 0.0, 'change_in_cash_and_equivalents': 2515000.0, 'effect_of_exchange_rate_changes': 0.0, 'ending_cash_balance': 667876000.0, 'free_cash_flow': 770421000.0}, {'ticker': 'NVDA', 'calendar_date': '2010-12-31', 'report_period': '2011-01-30', 'period': 'annual', 'currency': 'USD', 'net_income': 253146000.0, 'depreciation_and_amortization': 186989000.0, 'share_based_compensation': 85037000.0, 'net_cash_flow_from_operations': 675797000.0, 'net_cash_flow_from_investing': -649678000.0, 'capital_expenditure': -97890000.0, 'property_plant_and_equipment': 3001000.0, 'business_acquisitions_and_disposals': 0.0, 'investment_acquisitions_and_disposals': -549625000.0, 'net_cash_flow_from_financing': 192021000.0, 'issuance_or_repayment_of_debt_securities': -571000.0, 'issuance_or_purchase_of_equity_shares': 177276000.0, 'dividends_and_other_cash_distributions': 0.0, 'change_in_cash_and_equivalents': 218140000.0, 'effect_of_exchange_rate_changes': 0.0, 'ending_cash_balance': 665361000.0, 'free_cash_flow': 577907000.0}, {'ticker': 'NVDA', 'calendar_date': '2009-12-31', 'report_period': '2010-01-31', 'period': 'annual', 'currency': 'USD', 'net_income': -67987000.0, 'depreciation_and_amortization': 196664000.0, 'share_based_compensation': 240792000.0, 'net_cash_flow_from_operations': 487807000.0, 'net_cash_flow_from_investing': -519333000.0, 'capital_expenditure': -77601000.0, 'property_plant_and_equipment': 53940000.0, 'business_acquisitions_and_disposals': 0.0, 'investment_acquisitions_and_disposals': -441514000.0, 'net_cash_flow_from_financing': 61059000.0, 'issuance_or_repayment_of_debt_securities': -929000.0, 'issuance_or_purchase_of_equity_shares': 59954000.0, 'dividends_and_other_cash_distributions': 0.0, 'change_in_cash_and_equivalents': 29533000.0, 'effect_of_exchange_rate_changes': 0.0, 'ending_cash_balance': 447221000.0, 'free_cash_flow': 410206000.0}, {'ticker': 'NVDA', 'calendar_date': '2008-12-31', 'report_period': '2009-01-25', 'period': 'annual', 'currency': 'USD', 'net_income': -30041000.0, 'depreciation_and_amortization': 185023000.0, 'share_based_compensation': 161835000.0, 'net_cash_flow_from_operations': 249360000.0, 'net_cash_flow_from_investing': -209367000.0, 'capital_expenditure': -407670000.0, 'property_plant_and_equipment': -265990000.0, 'business_acquisitions_and_disposals': -27948000.0, 'investment_acquisitions_and_disposals': 226693000.0, 'net_cash_flow_from_financing': -349274000.0, 'issuance_or_repayment_of_debt_securities': 0.0, 'issuance_or_purchase_of_equity_shares': -350089000.0, 'dividends_and_other_cash_distributions': 0.0, 'change_in_cash_and_equivalents': -309281000.0, 'effect_of_exchange_rate_changes': 0.0, 'ending_cash_balance': 417688000.0, 'free_cash_flow': -158310000.0}, {'ticker': 'NVDA', 'calendar_date': '2007-12-31', 'report_period': '2008-01-27', 'period': 'annual', 'currency': 'USD', 'net_income': 797645000.0, 'depreciation_and_amortization': 133192000.0, 'share_based_compensation': 133365000.0, 'net_cash_flow_from_operations': 1270196000.0, 'net_cash_flow_from_investing': -761318000.0, 'capital_expenditure': -187745000.0, 'property_plant_and_equipment': -98980000.0, 'business_acquisitions_and_disposals': -75542000.0, 'investment_acquisitions_and_disposals': -496409000.0, 'net_cash_flow_from_financing': -326323000.0, 'issuance_or_repayment_of_debt_securities': 0.0, 'issuance_or_purchase_of_equity_shares': -326543000.0, 'dividends_and_other_cash_distributions': 0.0, 'change_in_cash_and_equivalents': 182555000.0, 'effect_of_exchange_rate_changes': 0.0, 'ending_cash_balance': 726969000.0, 'free_cash_flow': 1082451000.0}, {'ticker': 'NVDA', 'calendar_date': '2006-12-31', 'report_period': '2007-01-28', 'period': 'annual', 'currency': 'USD', 'net_income': 448834000.0, 'depreciation_and_amortization': 107562000.0, 'share_based_compensation': 108253000.0, 'net_cash_flow_from_operations': 572681000.0, 'net_cash_flow_from_investing': -526393000.0, 'capital_expenditure': -130826000.0, 'property_plant_and_equipment': -82676000.0, 'business_acquisitions_and_disposals': -401800000.0, 'investment_acquisitions_and_disposals': 6233000.0, 'net_cash_flow_from_financing': -53630000.0, 'issuance_or_repayment_of_debt_securities': 0.0, 'issuance_or_purchase_of_equity_shares': -53818000.0, 'dividends_and_other_cash_distributions': 0.0, 'change_in_cash_and_equivalents': -7342000.0, 'effect_of_exchange_rate_changes': 0.0, 'ending_cash_balance': 544414000.0, 'free_cash_flow': 441855000.0}, {'ticker': 'NVDA', 'calendar_date': '2005-12-31', 'report_period': '2006-01-29', 'period': 'annual', 'currency': 'USD', 'net_income': 301176000.0, 'depreciation_and_amortization': 97977000.0, 'share_based_compensation': 32740000.0, 'net_cash_flow_from_operations': 446408000.0, 'net_cash_flow_from_investing': -41787000.0, 'capital_expenditure': -79600000.0, 'property_plant_and_equipment': 803000.0, 'business_acquisitions_and_disposals': -12131000.0, 'investment_acquisitions_and_disposals': 49944000.0, 'net_cash_flow_from_financing': -61377000.0, 'issuance_or_repayment_of_debt_securities': 0.0, 'issuance_or_purchase_of_equity_shares': -61012000.0, 'dividends_and_other_cash_distributions': 0.0, 'change_in_cash_and_equivalents': 343244000.0, 'effect_of_exchange_rate_changes': 0.0, 'ending_cash_balance': 551756000.0, 'free_cash_flow': 366808000.0}, {'ticker': 'NVDA', 'calendar_date': '2004-12-31', 'report_period': '2005-01-30', 'period': 'annual', 'currency': 'USD', 'net_income': 88615000.0, 'depreciation_and_amortization': 102597000.0, 'share_based_compensation': 29438000.0, 'net_cash_flow_from_operations': 132200000.0, 'net_cash_flow_from_investing': -151953000.0, 'capital_expenditure': -67261000.0, 'property_plant_and_equipment': 11074000.0, 'business_acquisitions_and_disposals': 0.0, 'investment_acquisitions_and_disposals': -84692000.0, 'net_cash_flow_from_financing': 13843000.0, 'issuance_or_repayment_of_debt_securities': 0.0, 'issuance_or_purchase_of_equity_shares': 17858000.0, 'dividends_and_other_cash_distributions': 0.0, 'change_in_cash_and_equivalents': -5910000.0, 'effect_of_exchange_rate_changes': 0.0, 'ending_cash_balance': 208512000.0, 'free_cash_flow': 64939000.0}, {'ticker': 'NVDA', 'calendar_date': '2003-12-31', 'report_period': '2004-01-25', 'period': 'annual', 'currency': 'USD', 'net_income': 48630000.0, 'depreciation_and_amortization': 81944000.0, 'share_based_compensation': 45011000.0, 'net_cash_flow_from_operations': 49678000.0, 'net_cash_flow_from_investing': 88041000.0, 'capital_expenditure': -127604000.0, 'property_plant_and_equipment': -54877000.0, 'business_acquisitions_and_disposals': -71303000.0, 'investment_acquisitions_and_disposals': 286948000.0, 'net_cash_flow_from_financing': -270291000.0, 'issuance_or_repayment_of_debt_securities': -308048000.0, 'issuance_or_purchase_of_equity_shares': 0.0, 'dividends_and_other_cash_distributions': 0.0, 'change_in_cash_and_equivalents': -132572000.0, 'effect_of_exchange_rate_changes': 0.0, 'ending_cash_balance': 214422000.0, 'free_cash_flow': -77926000.0}, {'ticker': 'NVDA', 'calendar_date': '2002-12-31', 'report_period': '2003-01-26', 'period': 'annual', 'currency': 'USD', 'net_income': 90799000.0, 'depreciation_and_amortization': 58216000.0, 'share_based_compensation': 48930000.0, 'net_cash_flow_from_operations': 265032000.0, 'net_cash_flow_from_investing': -277324000.0, 'capital_expenditure': -63123000.0, 'property_plant_and_equipment': -15024000.0, 'business_acquisitions_and_disposals': -3901000.0, 'investment_acquisitions_and_disposals': -217300000.0, 'net_cash_flow_from_financing': 26286000.0, 'issuance_or_repayment_of_debt_securities': 799000.0, 'issuance_or_purchase_of_equity_shares': 0.0, 'dividends_and_other_cash_distributions': 0.0, 'change_in_cash_and_equivalents': 13994000.0, 'effect_of_exchange_rate_changes': 0.0, 'ending_cash_balance': 346994000.0, 'free_cash_flow': 201909000.0}, {'ticker': 'NVDA', 'calendar_date': '2001-12-31', 'report_period': '2002-01-27', 'period': 'annual', 'currency': 'USD', 'net_income': 176924000.0, 'depreciation_and_amortization': 43491000.0, 'share_based_compensation': 89302000.0, 'net_cash_flow_from_operations': 160806000.0, 'net_cash_flow_from_investing': -601172000.0, 'capital_expenditure': -96966000.0, 'property_plant_and_equipment': -72848000.0, 'business_acquisitions_and_disposals': -64109000.0, 'investment_acquisitions_and_disposals': -457597000.0, 'net_cash_flow_from_financing': 99091000.0, 'issuance_or_repayment_of_debt_securities': 8791000.0, 'issuance_or_purchase_of_equity_shares': 0.0, 'dividends_and_other_cash_distributions': 0.0, 'change_in_cash_and_equivalents': -341275000.0, 'effect_of_exchange_rate_changes': 0.0, 'ending_cash_balance': 340000000.0, 'free_cash_flow': 63840000.0}, {'ticker': 'NVDA', 'calendar_date': '2000-12-31', 'report_period': '2001-01-28', 'period': 'annual', 'currency': 'USD', 'net_income': 98469000.0, 'depreciation_and_amortization': 15724000.0, 'share_based_compensation': 63316000.0, 'net_cash_flow_from_operations': 267909000.0, 'net_cash_flow_from_investing': -60829000.0, 'capital_expenditure': -36329000.0, 'property_plant_and_equipment': -21394000.0, 'business_acquisitions_and_disposals': 0.0, 'investment_acquisitions_and_disposals': 0.0, 'net_cash_flow_from_financing': 405635000.0, 'issuance_or_repayment_of_debt_securities': 289056000.0, 'issuance_or_purchase_of_equity_shares': 96669000.0, 'dividends_and_other_cash_distributions': 0.0, 'change_in_cash_and_equivalents': 612715000.0, 'effect_of_exchange_rate_changes': 0.0, 'ending_cash_balance': 698775000.0, 'free_cash_flow': 231580000.0}, {'ticker': 'NVDA', 'calendar_date': '1999-12-31', 'report_period': '2000-01-30', 'period': 'annual', 'currency': 'USD', 'net_income': 40959000.0, 'depreciation_and_amortization': 9006000.0, 'share_based_compensation': 11290000.0, 'net_cash_flow_from_operations': 15871000.0, 'net_cash_flow_from_investing': -11589000.0, 'capital_expenditure': -11589000.0, 'property_plant_and_equipment': -14236000.0, 'business_acquisitions_and_disposals': 0.0, 'investment_acquisitions_and_disposals': 0.0, 'net_cash_flow_from_financing': 7021000.0, 'issuance_or_repayment_of_debt_securities': -6897000.0, 'issuance_or_purchase_of_equity_shares': 5741000.0, 'dividends_and_other_cash_distributions': 0.0, 'change_in_cash_and_equivalents': 11303000.0, 'effect_of_exchange_rate_changes': 0.0, 'ending_cash_balance': 61560000.0, 'free_cash_flow': 4282000.0}, {'ticker': 'NVDA', 'calendar_date': '1998-12-31', 'report_period': '1999-01-31', 'period': 'annual', 'currency': 'USD', 'net_income': 4130000.0, 'depreciation_and_amortization': 4006000.0, 'share_based_compensation': 2582000.0, 'net_cash_flow_from_operations': -1867000.0, 'net_cash_flow_from_investing': -7899000.0, 'capital_expenditure': -7899000.0, 'property_plant_and_equipment': -6114000.0, 'business_acquisitions_and_disposals': 0.0, 'investment_acquisitions_and_disposals': 0.0, 'net_cash_flow_from_financing': 52039000.0, 'issuance_or_repayment_of_debt_securities': 3152000.0, 'issuance_or_purchase_of_equity_shares': 37539000.0, 'dividends_and_other_cash_distributions': 0.0, 'change_in_cash_and_equivalents': 42273000.0, 'effect_of_exchange_rate_changes': 0.0, 'ending_cash_balance': 50257000.0, 'free_cash_flow': -9766000.0}, {'ticker': 'NVDA', 'calendar_date': '1997-12-31', 'report_period': '1997-12-31', 'period': 'annual', 'currency': 'USD', 'net_income': -3589000.0, 'depreciation_and_amortization': 1363000.0, 'share_based_compensation': 961000.0, 'net_cash_flow_from_operations': -1181000.0, 'net_cash_flow_from_investing': -2732000.0, 'capital_expenditure': -2732000.0, 'property_plant_and_equipment': -4392000.0, 'business_acquisitions_and_disposals': 0.0, 'investment_acquisitions_and_disposals': 0.0, 'net_cash_flow_from_financing': 7331000.0, 'issuance_or_repayment_of_debt_securities': -1037000.0, 'issuance_or_purchase_of_equity_shares': 0.0, 'dividends_and_other_cash_distributions': 0.0, 'change_in_cash_and_equivalents': 3418000.0, 'effect_of_exchange_rate_changes': 0.0, 'ending_cash_balance': 6551000.0, 'free_cash_flow': -3913000.0}, {'ticker': 'NVDA', 'calendar_date': '1996-12-31', 'report_period': '1996-12-31', 'period': 'annual', 'currency': 'USD', 'net_income': -3077000.0, 'depreciation_and_amortization': 802000.0, 'share_based_compensation': 0.0, 'net_cash_flow_from_operations': -279000.0, 'net_cash_flow_from_investing': -9000.0, 'capital_expenditure': -9000.0, 'property_plant_and_equipment': None, 'business_acquisitions_and_disposals': 0.0, 'investment_acquisitions_and_disposals': 0.0, 'net_cash_flow_from_financing': -451000.0, 'issuance_or_repayment_of_debt_securities': -502000.0, 'issuance_or_purchase_of_equity_shares': 51000.0, 'dividends_and_other_cash_distributions': 0.0, 'change_in_cash_and_equivalents': -739000.0, 'effect_of_exchange_rate_changes': 0.0, 'ending_cash_balance': 3133000.0, 'free_cash_flow': -288000.0}, {'ticker': 'NVDA', 'calendar_date': '1995-12-31', 'report_period': '1995-12-31', 'period': 'annual', 'currency': 'USD', 'net_income': -6377000.0, 'depreciation_and_amortization': 524000.0, 'share_based_compensation': 0.0, 'net_cash_flow_from_operations': -6133000.0, 'net_cash_flow_from_investing': -5000.0, 'capital_expenditure': -5000.0, 'property_plant_and_equipment': None, 'business_acquisitions_and_disposals': 0.0, 'investment_acquisitions_and_disposals': 0.0, 'net_cash_flow_from_financing': 5455000.0, 'issuance_or_repayment_of_debt_securities': -307000.0, 'issuance_or_purchase_of_equity_shares': 0.0, 'dividends_and_other_cash_distributions': 0.0, 'change_in_cash_and_equivalents': -683000.0, 'effect_of_exchange_rate_changes': 0.0, 'ending_cash_balance': None, 'free_cash_flow': -6138000.0}]
-------------------------
